<?xml version="1.0" encoding="UTF-8"?>
<ENVELOPE>
<HEADER>
<TALLYREQUEST>Import Data</TALLYREQUEST>
</HEADER>
<BODY>
<IMPORTDATA>
<REQUESTDESC>
<REPORTNAME>Vouchers</REPORTNAME>
<STATICVARIABLES>
<SVCURRENTCOMPANY>
Apollo LogiSolutions Limited-Panvel
</SVCURRENTCOMPANY>
</STATICVARIABLES>
</REQUESTDESC>
<REQUESTDATA>
<TALLYMESSAGE xmlns:UDF="TallyUDF">
<VOUCHER>
<ISOPTIONAL>No</ISOPTIONAL>
<USEFORGAINLOSS>No</USEFORGAINLOSS>
<USEFORCOMPOUND>No</USEFORCOMPOUND>
<VOUCHERTYPENAME>Sales-Import-CFSM</VOUCHERTYPENAME>
<DATE>20180326</DATE>
<EFFECTIVEDATE>20180326</EFFECTIVEDATE>
<ISCANCELLED>No</ISCANCELLED>
<USETRACKINGNUMBER>No</USETRACKINGNUMBER>
<ISPOSTDATED>No</ISPOSTDATED>
<ISINVOICE>No</ISINVOICE>
<DIFFACTUALQTY>No</DIFFACTUALQTY>
<VOUCHERNUMBER>ALSI016076/17-18</VOUCHERNUMBER>
<PARTYLEDGERNAME>Total Shipping AND Logistics Pvt. Ltd.</PARTYLEDGERNAME>
<NARRATION>Being amount debited towards IGM No: 2189341, BL NO: SGNCB18001102, Importer: CAVENDISH INDUSTRIES LIMITED, VOY NO: 1803, Vessel: MAERSK STOCKHOLM, LINER: RCL-OffDocTHC and containers:  5 X 20, Invoice No: ALSI016076/17-18</NARRATION>
<ALLLEDGERENTRIES.LIST>
<REMOVEZEROENTRIES>No</REMOVEZEROENTRIES>
<ISDEEMEDPOSITIVE>Yes</ISDEEMEDPOSITIVE>
<LEDGERFROMITEM>No</LEDGERFROMITEM>
<LEDGERNAME>Total Shipping AND Logistics Pvt. Ltd.</LEDGERNAME>
<AMOUNT>-17700.000</AMOUNT>
<BILLALLOCATIONS.LIST>
<NAME>ALSI016076/17-18</NAME>
<BILLTYPE>New Ref</BILLTYPE>
<AMOUNT>-17700.000</AMOUNT>
</BILLALLOCATIONS.LIST>
</ALLLEDGERENTRIES.LIST>
<ALLLEDGERENTRIES.LIST>
<REMOVEZEROENTRIES>No</REMOVEZEROENTRIES>
<ISDEEMEDPOSITIVE>No</ISDEEMEDPOSITIVE>
<LEDGERFROMITEM>No</LEDGERFROMITEM>
<LEDGERNAME>Other Storage and Warehousing Services-Import-GST</LEDGERNAME>
<AMOUNT>15000.000</AMOUNT>
</ALLLEDGERENTRIES.LIST>
<ALLLEDGERENTRIES.LIST>
<REMOVEZEROENTRIES>No</REMOVEZEROENTRIES>
<ISDEEMEDPOSITIVE>No</ISDEEMEDPOSITIVE>
<LEDGERFROMITEM>No</LEDGERFROMITEM>
<LEDGERNAME>CGST</LEDGERNAME>
<AMOUNT>1350.0000000</AMOUNT>
</ALLLEDGERENTRIES.LIST>
<ALLLEDGERENTRIES.LIST>
<REMOVEZEROENTRIES>No</REMOVEZEROENTRIES>
<ISDEEMEDPOSITIVE>No</ISDEEMEDPOSITIVE>
<LEDGERFROMITEM>No</LEDGERFROMITEM>
<LEDGERNAME>SGST</LEDGERNAME>
<AMOUNT>1350.0000000</AMOUNT>
</ALLLEDGERENTRIES.LIST>
<ALLLEDGERENTRIES.LIST>
<REMOVEZEROENTRIES>No</REMOVEZEROENTRIES>
<ISDEEMEDPOSITIVE>No</ISDEEMEDPOSITIVE>
<LEDGERFROMITEM>No</LEDGERFROMITEM>
<LEDGERNAME>SHORT AND EXCESS</LEDGERNAME>
<AMOUNT>0.000</AMOUNT>
</ALLLEDGERENTRIES.LIST>
</VOUCHER>
<VOUCHER>
<ISOPTIONAL>No</ISOPTIONAL>
<USEFORGAINLOSS>No</USEFORGAINLOSS>
<USEFORCOMPOUND>No</USEFORCOMPOUND>
<VOUCHERTYPENAME>Sales-Import-CFSM</VOUCHERTYPENAME>
<DATE>20180326</DATE>
<EFFECTIVEDATE>20180326</EFFECTIVEDATE>
<ISCANCELLED>No</ISCANCELLED>
<USETRACKINGNUMBER>No</USETRACKINGNUMBER>
<ISPOSTDATED>No</ISPOSTDATED>
<ISINVOICE>No</ISINVOICE>
<DIFFACTUALQTY>No</DIFFACTUALQTY>
<VOUCHERNUMBER>ALSI016077/17-18</VOUCHERNUMBER>
<PARTYLEDGERNAME>Apollo Fiege Integrated Logistics Pvt.Ltd(Import)</PARTYLEDGERNAME>
<NARRATION>Being amount debited towards IGM No: 2190194, BL NO: 964194665, Importer: JSW STEEL LTD, VOY NO: 01, Vessel: MAERSK KIMI, LINER: MAERSK INDIA PVT LTD and containers:  24 X 20, Invoice No: ALSI016077/17-18</NARRATION>
<ALLLEDGERENTRIES.LIST>
<REMOVEZEROENTRIES>No</REMOVEZEROENTRIES>
<ISDEEMEDPOSITIVE>Yes</ISDEEMEDPOSITIVE>
<LEDGERFROMITEM>No</LEDGERFROMITEM>
<LEDGERNAME>Apollo Fiege Integrated Logistics Pvt.Ltd(Import)</LEDGERNAME>
<AMOUNT>-254880.000</AMOUNT>
<BILLALLOCATIONS.LIST>
<NAME>ALSI016077/17-18</NAME>
<BILLTYPE>New Ref</BILLTYPE>
<AMOUNT>-254880.000</AMOUNT>
</BILLALLOCATIONS.LIST>
</ALLLEDGERENTRIES.LIST>
<ALLLEDGERENTRIES.LIST>
<REMOVEZEROENTRIES>No</REMOVEZEROENTRIES>
<ISDEEMEDPOSITIVE>No</ISDEEMEDPOSITIVE>
<LEDGERFROMITEM>No</LEDGERFROMITEM>
<LEDGERNAME>Container Handling Services-Import-GST</LEDGERNAME>
<AMOUNT>216000.000</AMOUNT>
</ALLLEDGERENTRIES.LIST>
<ALLLEDGERENTRIES.LIST>
<REMOVEZEROENTRIES>No</REMOVEZEROENTRIES>
<ISDEEMEDPOSITIVE>No</ISDEEMEDPOSITIVE>
<LEDGERFROMITEM>No</LEDGERFROMITEM>
<LEDGERNAME>IGST</LEDGERNAME>
<AMOUNT>38880.0000000</AMOUNT>
</ALLLEDGERENTRIES.LIST>
<ALLLEDGERENTRIES.LIST>
<REMOVEZEROENTRIES>No</REMOVEZEROENTRIES>
<ISDEEMEDPOSITIVE>No</ISDEEMEDPOSITIVE>
<LEDGERFROMITEM>No</LEDGERFROMITEM>
<LEDGERNAME>Container Handling Services-Import-GST</LEDGERNAME>
<AMOUNT>0.000</AMOUNT>
</ALLLEDGERENTRIES.LIST>
<ALLLEDGERENTRIES.LIST>
<REMOVEZEROENTRIES>No</REMOVEZEROENTRIES>
<ISDEEMEDPOSITIVE>No</ISDEEMEDPOSITIVE>
<LEDGERFROMITEM>No</LEDGERFROMITEM>
<LEDGERNAME>IGST</LEDGERNAME>
<AMOUNT>0.0000000</AMOUNT>
</ALLLEDGERENTRIES.LIST>
<ALLLEDGERENTRIES.LIST>
<REMOVEZEROENTRIES>No</REMOVEZEROENTRIES>
<ISDEEMEDPOSITIVE>No</ISDEEMEDPOSITIVE>
<LEDGERFROMITEM>No</LEDGERFROMITEM>
<LEDGERNAME>SHORT AND EXCESS</LEDGERNAME>
<AMOUNT>0.000</AMOUNT>
</ALLLEDGERENTRIES.LIST>
</VOUCHER>
<VOUCHER>
<ISOPTIONAL>No</ISOPTIONAL>
<USEFORGAINLOSS>No</USEFORGAINLOSS>
<USEFORCOMPOUND>No</USEFORCOMPOUND>
<VOUCHERTYPENAME>Sales-Import-CFSM</VOUCHERTYPENAME>
<DATE>20180326</DATE>
<EFFECTIVEDATE>20180326</EFFECTIVEDATE>
<ISCANCELLED>No</ISCANCELLED>
<USETRACKINGNUMBER>No</USETRACKINGNUMBER>
<ISPOSTDATED>No</ISPOSTDATED>
<ISINVOICE>No</ISINVOICE>
<DIFFACTUALQTY>No</DIFFACTUALQTY>
<VOUCHERNUMBER>ALSI016078/17-18</VOUCHERNUMBER>
<PARTYLEDGERNAME>RELIANCE INDUSTRIES LTD</PARTYLEDGERNAME>
<NARRATION>Being amount debited towards IGM No: 2190288, BL NO: 0088A07500, Importer: RELIANCE INDUSTRIES LTD., VOY NO: 151, Vessel: JPO TAURUS, LINER: Wan Hai Lines Ltd and containers:  1 X 20, Invoice No: ALSI016078/17-18</NARRATION>
<ALLLEDGERENTRIES.LIST>
<REMOVEZEROENTRIES>No</REMOVEZEROENTRIES>
<ISDEEMEDPOSITIVE>Yes</ISDEEMEDPOSITIVE>
<LEDGERFROMITEM>No</LEDGERFROMITEM>
<LEDGERNAME>RELIANCE INDUSTRIES LTD</LEDGERNAME>
<AMOUNT>-21529.000</AMOUNT>
<BILLALLOCATIONS.LIST>
<NAME>ALSI016078/17-18</NAME>
<BILLTYPE>New Ref</BILLTYPE>
<AMOUNT>-21529.000</AMOUNT>
</BILLALLOCATIONS.LIST>
</ALLLEDGERENTRIES.LIST>
<ALLLEDGERENTRIES.LIST>
<REMOVEZEROENTRIES>No</REMOVEZEROENTRIES>
<ISDEEMEDPOSITIVE>No</ISDEEMEDPOSITIVE>
<LEDGERFROMITEM>No</LEDGERFROMITEM>
<LEDGERNAME>Container Handling Services-Import-GST</LEDGERNAME>
<AMOUNT>13065.000</AMOUNT>
</ALLLEDGERENTRIES.LIST>
<ALLLEDGERENTRIES.LIST>
<REMOVEZEROENTRIES>No</REMOVEZEROENTRIES>
<ISDEEMEDPOSITIVE>No</ISDEEMEDPOSITIVE>
<LEDGERFROMITEM>No</LEDGERFROMITEM>
<LEDGERNAME>IGST</LEDGERNAME>
<AMOUNT>2351.7000000</AMOUNT>
</ALLLEDGERENTRIES.LIST>
<ALLLEDGERENTRIES.LIST>
<REMOVEZEROENTRIES>No</REMOVEZEROENTRIES>
<ISDEEMEDPOSITIVE>No</ISDEEMEDPOSITIVE>
<LEDGERFROMITEM>No</LEDGERFROMITEM>
<LEDGERNAME>Other Storage and Warehousing Services-Import-GST</LEDGERNAME>
<AMOUNT>2700.000</AMOUNT>
</ALLLEDGERENTRIES.LIST>
<ALLLEDGERENTRIES.LIST>
<REMOVEZEROENTRIES>No</REMOVEZEROENTRIES>
<ISDEEMEDPOSITIVE>No</ISDEEMEDPOSITIVE>
<LEDGERFROMITEM>No</LEDGERFROMITEM>
<LEDGERNAME>IGST</LEDGERNAME>
<AMOUNT>486.0000000</AMOUNT>
</ALLLEDGERENTRIES.LIST>
<ALLLEDGERENTRIES.LIST>
<REMOVEZEROENTRIES>No</REMOVEZEROENTRIES>
<ISDEEMEDPOSITIVE>No</ISDEEMEDPOSITIVE>
<LEDGERFROMITEM>No</LEDGERFROMITEM>
<LEDGERNAME>Container Handling Services-Import-GST</LEDGERNAME>
<AMOUNT>1100.000</AMOUNT>
</ALLLEDGERENTRIES.LIST>
<ALLLEDGERENTRIES.LIST>
<REMOVEZEROENTRIES>No</REMOVEZEROENTRIES>
<ISDEEMEDPOSITIVE>No</ISDEEMEDPOSITIVE>
<LEDGERFROMITEM>No</LEDGERFROMITEM>
<LEDGERNAME>IGST</LEDGERNAME>
<AMOUNT>198.0000000</AMOUNT>
</ALLLEDGERENTRIES.LIST>
<ALLLEDGERENTRIES.LIST>
<REMOVEZEROENTRIES>No</REMOVEZEROENTRIES>
<ISDEEMEDPOSITIVE>No</ISDEEMEDPOSITIVE>
<LEDGERFROMITEM>No</LEDGERFROMITEM>
<LEDGERNAME>Container Handling Services-Import-GST</LEDGERNAME>
<AMOUNT>50.000</AMOUNT>
</ALLLEDGERENTRIES.LIST>
<ALLLEDGERENTRIES.LIST>
<REMOVEZEROENTRIES>No</REMOVEZEROENTRIES>
<ISDEEMEDPOSITIVE>No</ISDEEMEDPOSITIVE>
<LEDGERFROMITEM>No</LEDGERFROMITEM>
<LEDGERNAME>IGST</LEDGERNAME>
<AMOUNT>9.0000000</AMOUNT>
</ALLLEDGERENTRIES.LIST>
<ALLLEDGERENTRIES.LIST>
<REMOVEZEROENTRIES>No</REMOVEZEROENTRIES>
<ISDEEMEDPOSITIVE>No</ISDEEMEDPOSITIVE>
<LEDGERFROMITEM>No</LEDGERFROMITEM>
<LEDGERNAME>Container Handling Services-Import-GST</LEDGERNAME>
<AMOUNT>30.000</AMOUNT>
</ALLLEDGERENTRIES.LIST>
<ALLLEDGERENTRIES.LIST>
<REMOVEZEROENTRIES>No</REMOVEZEROENTRIES>
<ISDEEMEDPOSITIVE>No</ISDEEMEDPOSITIVE>
<LEDGERFROMITEM>No</LEDGERFROMITEM>
<LEDGERNAME>IGST</LEDGERNAME>
<AMOUNT>5.4000000</AMOUNT>
</ALLLEDGERENTRIES.LIST>
<ALLLEDGERENTRIES.LIST>
<REMOVEZEROENTRIES>No</REMOVEZEROENTRIES>
<ISDEEMEDPOSITIVE>No</ISDEEMEDPOSITIVE>
<LEDGERFROMITEM>No</LEDGERFROMITEM>
<LEDGERNAME>Container Handling Services-Import-GST</LEDGERNAME>
<AMOUNT>400.000</AMOUNT>
</ALLLEDGERENTRIES.LIST>
<ALLLEDGERENTRIES.LIST>
<REMOVEZEROENTRIES>No</REMOVEZEROENTRIES>
<ISDEEMEDPOSITIVE>No</ISDEEMEDPOSITIVE>
<LEDGERFROMITEM>No</LEDGERFROMITEM>
<LEDGERNAME>IGST</LEDGERNAME>
<AMOUNT>72.0000000</AMOUNT>
</ALLLEDGERENTRIES.LIST>
<ALLLEDGERENTRIES.LIST>
<REMOVEZEROENTRIES>No</REMOVEZEROENTRIES>
<ISDEEMEDPOSITIVE>No</ISDEEMEDPOSITIVE>
<LEDGERFROMITEM>No</LEDGERFROMITEM>
<LEDGERNAME>Container Handling Services-Import-GST</LEDGERNAME>
<AMOUNT>900.000</AMOUNT>
</ALLLEDGERENTRIES.LIST>
<ALLLEDGERENTRIES.LIST>
<REMOVEZEROENTRIES>No</REMOVEZEROENTRIES>
<ISDEEMEDPOSITIVE>No</ISDEEMEDPOSITIVE>
<LEDGERFROMITEM>No</LEDGERFROMITEM>
<LEDGERNAME>IGST</LEDGERNAME>
<AMOUNT>162.0000000</AMOUNT>
</ALLLEDGERENTRIES.LIST>
<ALLLEDGERENTRIES.LIST>
<REMOVEZEROENTRIES>No</REMOVEZEROENTRIES>
<ISDEEMEDPOSITIVE>No</ISDEEMEDPOSITIVE>
<LEDGERFROMITEM>No</LEDGERFROMITEM>
<LEDGERNAME>SHORT AND EXCESS</LEDGERNAME>
<AMOUNT>-0.100</AMOUNT>
</ALLLEDGERENTRIES.LIST>
</VOUCHER>
<VOUCHER>
<ISOPTIONAL>No</ISOPTIONAL>
<USEFORGAINLOSS>No</USEFORGAINLOSS>
<USEFORCOMPOUND>No</USEFORCOMPOUND>
<VOUCHERTYPENAME>Sales-Import-CFSM</VOUCHERTYPENAME>
<DATE>20180326</DATE>
<EFFECTIVEDATE>20180326</EFFECTIVEDATE>
<ISCANCELLED>No</ISCANCELLED>
<USETRACKINGNUMBER>No</USETRACKINGNUMBER>
<ISPOSTDATED>No</ISPOSTDATED>
<ISINVOICE>No</ISINVOICE>
<DIFFACTUALQTY>No</DIFFACTUALQTY>
<VOUCHERNUMBER>ALSI016079/17-18</VOUCHERNUMBER>
<PARTYLEDGERNAME>GLOBE TECHNOLOGY</PARTYLEDGERNAME>
<NARRATION>Being amount debited towards IGM No: 2189768, BL NO: COAU7083277910, Importer: GLOBE TECHNOLOGY, VOY NO: 47E, Vessel: MAULLIN, LINER: COSCO INDIA SHIPPING PVT LTD and containers:  1 X 40, Invoice No: ALSI016079/17-18</NARRATION>
<ALLLEDGERENTRIES.LIST>
<REMOVEZEROENTRIES>No</REMOVEZEROENTRIES>
<ISDEEMEDPOSITIVE>Yes</ISDEEMEDPOSITIVE>
<LEDGERFROMITEM>No</LEDGERFROMITEM>
<LEDGERNAME>GLOBE TECHNOLOGY</LEDGERNAME>
<AMOUNT>-40899.000</AMOUNT>
<BILLALLOCATIONS.LIST>
<NAME>ALSI016079/17-18</NAME>
<BILLTYPE>New Ref</BILLTYPE>
<AMOUNT>-40899.000</AMOUNT>
</BILLALLOCATIONS.LIST>
</ALLLEDGERENTRIES.LIST>
<ALLLEDGERENTRIES.LIST>
<REMOVEZEROENTRIES>No</REMOVEZEROENTRIES>
<ISDEEMEDPOSITIVE>No</ISDEEMEDPOSITIVE>
<LEDGERFROMITEM>No</LEDGERFROMITEM>
<LEDGERNAME>Container Handling Services-Import-GST</LEDGERNAME>
<AMOUNT>16580.000</AMOUNT>
</ALLLEDGERENTRIES.LIST>
<ALLLEDGERENTRIES.LIST>
<REMOVEZEROENTRIES>No</REMOVEZEROENTRIES>
<ISDEEMEDPOSITIVE>No</ISDEEMEDPOSITIVE>
<LEDGERFROMITEM>No</LEDGERFROMITEM>
<LEDGERNAME>CGST</LEDGERNAME>
<AMOUNT>1492.2000000</AMOUNT>
</ALLLEDGERENTRIES.LIST>
<ALLLEDGERENTRIES.LIST>
<REMOVEZEROENTRIES>No</REMOVEZEROENTRIES>
<ISDEEMEDPOSITIVE>No</ISDEEMEDPOSITIVE>
<LEDGERFROMITEM>No</LEDGERFROMITEM>
<LEDGERNAME>SGST</LEDGERNAME>
<AMOUNT>1492.2000000</AMOUNT>
</ALLLEDGERENTRIES.LIST>
<ALLLEDGERENTRIES.LIST>
<REMOVEZEROENTRIES>No</REMOVEZEROENTRIES>
<ISDEEMEDPOSITIVE>No</ISDEEMEDPOSITIVE>
<LEDGERFROMITEM>No</LEDGERFROMITEM>
<LEDGERNAME>Other Storage and Warehousing Services-Import-GST</LEDGERNAME>
<AMOUNT>13600.000</AMOUNT>
</ALLLEDGERENTRIES.LIST>
<ALLLEDGERENTRIES.LIST>
<REMOVEZEROENTRIES>No</REMOVEZEROENTRIES>
<ISDEEMEDPOSITIVE>No</ISDEEMEDPOSITIVE>
<LEDGERFROMITEM>No</LEDGERFROMITEM>
<LEDGERNAME>CGST</LEDGERNAME>
<AMOUNT>1224.0000000</AMOUNT>
</ALLLEDGERENTRIES.LIST>
<ALLLEDGERENTRIES.LIST>
<REMOVEZEROENTRIES>No</REMOVEZEROENTRIES>
<ISDEEMEDPOSITIVE>No</ISDEEMEDPOSITIVE>
<LEDGERFROMITEM>No</LEDGERFROMITEM>
<LEDGERNAME>SGST</LEDGERNAME>
<AMOUNT>1224.0000000</AMOUNT>
</ALLLEDGERENTRIES.LIST>
<ALLLEDGERENTRIES.LIST>
<REMOVEZEROENTRIES>No</REMOVEZEROENTRIES>
<ISDEEMEDPOSITIVE>No</ISDEEMEDPOSITIVE>
<LEDGERFROMITEM>No</LEDGERFROMITEM>
<LEDGERNAME>Container Handling Services-Import-GST</LEDGERNAME>
<AMOUNT>2200.000</AMOUNT>
</ALLLEDGERENTRIES.LIST>
<ALLLEDGERENTRIES.LIST>
<REMOVEZEROENTRIES>No</REMOVEZEROENTRIES>
<ISDEEMEDPOSITIVE>No</ISDEEMEDPOSITIVE>
<LEDGERFROMITEM>No</LEDGERFROMITEM>
<LEDGERNAME>CGST</LEDGERNAME>
<AMOUNT>198.0000000</AMOUNT>
</ALLLEDGERENTRIES.LIST>
<ALLLEDGERENTRIES.LIST>
<REMOVEZEROENTRIES>No</REMOVEZEROENTRIES>
<ISDEEMEDPOSITIVE>No</ISDEEMEDPOSITIVE>
<LEDGERFROMITEM>No</LEDGERFROMITEM>
<LEDGERNAME>SGST</LEDGERNAME>
<AMOUNT>198.0000000</AMOUNT>
</ALLLEDGERENTRIES.LIST>
<ALLLEDGERENTRIES.LIST>
<REMOVEZEROENTRIES>No</REMOVEZEROENTRIES>
<ISDEEMEDPOSITIVE>No</ISDEEMEDPOSITIVE>
<LEDGERFROMITEM>No</LEDGERFROMITEM>
<LEDGERNAME>Container Handling Services-Import-GST</LEDGERNAME>
<AMOUNT>50.000</AMOUNT>
</ALLLEDGERENTRIES.LIST>
<ALLLEDGERENTRIES.LIST>
<REMOVEZEROENTRIES>No</REMOVEZEROENTRIES>
<ISDEEMEDPOSITIVE>No</ISDEEMEDPOSITIVE>
<LEDGERFROMITEM>No</LEDGERFROMITEM>
<LEDGERNAME>CGST</LEDGERNAME>
<AMOUNT>4.5000000</AMOUNT>
</ALLLEDGERENTRIES.LIST>
<ALLLEDGERENTRIES.LIST>
<REMOVEZEROENTRIES>No</REMOVEZEROENTRIES>
<ISDEEMEDPOSITIVE>No</ISDEEMEDPOSITIVE>
<LEDGERFROMITEM>No</LEDGERFROMITEM>
<LEDGERNAME>SGST</LEDGERNAME>
<AMOUNT>4.5000000</AMOUNT>
</ALLLEDGERENTRIES.LIST>
<ALLLEDGERENTRIES.LIST>
<REMOVEZEROENTRIES>No</REMOVEZEROENTRIES>
<ISDEEMEDPOSITIVE>No</ISDEEMEDPOSITIVE>
<LEDGERFROMITEM>No</LEDGERFROMITEM>
<LEDGERNAME>Container Handling Services-Import-GST</LEDGERNAME>
<AMOUNT>30.000</AMOUNT>
</ALLLEDGERENTRIES.LIST>
<ALLLEDGERENTRIES.LIST>
<REMOVEZEROENTRIES>No</REMOVEZEROENTRIES>
<ISDEEMEDPOSITIVE>No</ISDEEMEDPOSITIVE>
<LEDGERFROMITEM>No</LEDGERFROMITEM>
<LEDGERNAME>CGST</LEDGERNAME>
<AMOUNT>2.7000000</AMOUNT>
</ALLLEDGERENTRIES.LIST>
<ALLLEDGERENTRIES.LIST>
<REMOVEZEROENTRIES>No</REMOVEZEROENTRIES>
<ISDEEMEDPOSITIVE>No</ISDEEMEDPOSITIVE>
<LEDGERFROMITEM>No</LEDGERFROMITEM>
<LEDGERNAME>SGST</LEDGERNAME>
<AMOUNT>2.7000000</AMOUNT>
</ALLLEDGERENTRIES.LIST>
<ALLLEDGERENTRIES.LIST>
<REMOVEZEROENTRIES>No</REMOVEZEROENTRIES>
<ISDEEMEDPOSITIVE>No</ISDEEMEDPOSITIVE>
<LEDGERFROMITEM>No</LEDGERFROMITEM>
<LEDGERNAME>Container Handling Services-Import-GST</LEDGERNAME>
<AMOUNT>400.000</AMOUNT>
</ALLLEDGERENTRIES.LIST>
<ALLLEDGERENTRIES.LIST>
<REMOVEZEROENTRIES>No</REMOVEZEROENTRIES>
<ISDEEMEDPOSITIVE>No</ISDEEMEDPOSITIVE>
<LEDGERFROMITEM>No</LEDGERFROMITEM>
<LEDGERNAME>CGST</LEDGERNAME>
<AMOUNT>36.0000000</AMOUNT>
</ALLLEDGERENTRIES.LIST>
<ALLLEDGERENTRIES.LIST>
<REMOVEZEROENTRIES>No</REMOVEZEROENTRIES>
<ISDEEMEDPOSITIVE>No</ISDEEMEDPOSITIVE>
<LEDGERFROMITEM>No</LEDGERFROMITEM>
<LEDGERNAME>SGST</LEDGERNAME>
<AMOUNT>36.0000000</AMOUNT>
</ALLLEDGERENTRIES.LIST>
<ALLLEDGERENTRIES.LIST>
<REMOVEZEROENTRIES>No</REMOVEZEROENTRIES>
<ISDEEMEDPOSITIVE>No</ISDEEMEDPOSITIVE>
<LEDGERFROMITEM>No</LEDGERFROMITEM>
<LEDGERNAME>Container Handling Services-Import-GST</LEDGERNAME>
<AMOUNT>1800.000</AMOUNT>
</ALLLEDGERENTRIES.LIST>
<ALLLEDGERENTRIES.LIST>
<REMOVEZEROENTRIES>No</REMOVEZEROENTRIES>
<ISDEEMEDPOSITIVE>No</ISDEEMEDPOSITIVE>
<LEDGERFROMITEM>No</LEDGERFROMITEM>
<LEDGERNAME>CGST</LEDGERNAME>
<AMOUNT>162.0000000</AMOUNT>
</ALLLEDGERENTRIES.LIST>
<ALLLEDGERENTRIES.LIST>
<REMOVEZEROENTRIES>No</REMOVEZEROENTRIES>
<ISDEEMEDPOSITIVE>No</ISDEEMEDPOSITIVE>
<LEDGERFROMITEM>No</LEDGERFROMITEM>
<LEDGERNAME>SGST</LEDGERNAME>
<AMOUNT>162.0000000</AMOUNT>
</ALLLEDGERENTRIES.LIST>
<ALLLEDGERENTRIES.LIST>
<REMOVEZEROENTRIES>No</REMOVEZEROENTRIES>
<ISDEEMEDPOSITIVE>No</ISDEEMEDPOSITIVE>
<LEDGERFROMITEM>No</LEDGERFROMITEM>
<LEDGERNAME>SHORT AND EXCESS</LEDGERNAME>
<AMOUNT>0.200</AMOUNT>
</ALLLEDGERENTRIES.LIST>
</VOUCHER>
<VOUCHER>
<ISOPTIONAL>No</ISOPTIONAL>
<USEFORGAINLOSS>No</USEFORGAINLOSS>
<USEFORCOMPOUND>No</USEFORCOMPOUND>
<VOUCHERTYPENAME>Sales-Import-CFSM</VOUCHERTYPENAME>
<DATE>20180326</DATE>
<EFFECTIVEDATE>20180326</EFFECTIVEDATE>
<ISCANCELLED>No</ISCANCELLED>
<USETRACKINGNUMBER>No</USETRACKINGNUMBER>
<ISPOSTDATED>No</ISPOSTDATED>
<ISINVOICE>No</ISINVOICE>
<DIFFACTUALQTY>No</DIFFACTUALQTY>
<VOUCHERNUMBER>ALSI016080/17-18</VOUCHERNUMBER>
<PARTYLEDGERNAME>RELIANCE INDUSTRIES LTD</PARTYLEDGERNAME>
<NARRATION>Being amount debited towards IGM No: 2190288, BL NO: 0088A07499, Importer: RELIANCE INDUSTRIES LIMITED, VOY NO: 151, Vessel: JPO TAURUS, LINER: Wan Hai Lines Ltd and containers:  1 X 20, Invoice No: ALSI016080/17-18</NARRATION>
<ALLLEDGERENTRIES.LIST>
<REMOVEZEROENTRIES>No</REMOVEZEROENTRIES>
<ISDEEMEDPOSITIVE>Yes</ISDEEMEDPOSITIVE>
<LEDGERFROMITEM>No</LEDGERFROMITEM>
<LEDGERNAME>RELIANCE INDUSTRIES LTD</LEDGERNAME>
<AMOUNT>-21529.000</AMOUNT>
<BILLALLOCATIONS.LIST>
<NAME>ALSI016080/17-18</NAME>
<BILLTYPE>New Ref</BILLTYPE>
<AMOUNT>-21529.000</AMOUNT>
</BILLALLOCATIONS.LIST>
</ALLLEDGERENTRIES.LIST>
<ALLLEDGERENTRIES.LIST>
<REMOVEZEROENTRIES>No</REMOVEZEROENTRIES>
<ISDEEMEDPOSITIVE>No</ISDEEMEDPOSITIVE>
<LEDGERFROMITEM>No</LEDGERFROMITEM>
<LEDGERNAME>Container Handling Services-Import-GST</LEDGERNAME>
<AMOUNT>13065.000</AMOUNT>
</ALLLEDGERENTRIES.LIST>
<ALLLEDGERENTRIES.LIST>
<REMOVEZEROENTRIES>No</REMOVEZEROENTRIES>
<ISDEEMEDPOSITIVE>No</ISDEEMEDPOSITIVE>
<LEDGERFROMITEM>No</LEDGERFROMITEM>
<LEDGERNAME>IGST</LEDGERNAME>
<AMOUNT>2351.7000000</AMOUNT>
</ALLLEDGERENTRIES.LIST>
<ALLLEDGERENTRIES.LIST>
<REMOVEZEROENTRIES>No</REMOVEZEROENTRIES>
<ISDEEMEDPOSITIVE>No</ISDEEMEDPOSITIVE>
<LEDGERFROMITEM>No</LEDGERFROMITEM>
<LEDGERNAME>Other Storage and Warehousing Services-Import-GST</LEDGERNAME>
<AMOUNT>2700.000</AMOUNT>
</ALLLEDGERENTRIES.LIST>
<ALLLEDGERENTRIES.LIST>
<REMOVEZEROENTRIES>No</REMOVEZEROENTRIES>
<ISDEEMEDPOSITIVE>No</ISDEEMEDPOSITIVE>
<LEDGERFROMITEM>No</LEDGERFROMITEM>
<LEDGERNAME>IGST</LEDGERNAME>
<AMOUNT>486.0000000</AMOUNT>
</ALLLEDGERENTRIES.LIST>
<ALLLEDGERENTRIES.LIST>
<REMOVEZEROENTRIES>No</REMOVEZEROENTRIES>
<ISDEEMEDPOSITIVE>No</ISDEEMEDPOSITIVE>
<LEDGERFROMITEM>No</LEDGERFROMITEM>
<LEDGERNAME>Container Handling Services-Import-GST</LEDGERNAME>
<AMOUNT>1100.000</AMOUNT>
</ALLLEDGERENTRIES.LIST>
<ALLLEDGERENTRIES.LIST>
<REMOVEZEROENTRIES>No</REMOVEZEROENTRIES>
<ISDEEMEDPOSITIVE>No</ISDEEMEDPOSITIVE>
<LEDGERFROMITEM>No</LEDGERFROMITEM>
<LEDGERNAME>IGST</LEDGERNAME>
<AMOUNT>198.0000000</AMOUNT>
</ALLLEDGERENTRIES.LIST>
<ALLLEDGERENTRIES.LIST>
<REMOVEZEROENTRIES>No</REMOVEZEROENTRIES>
<ISDEEMEDPOSITIVE>No</ISDEEMEDPOSITIVE>
<LEDGERFROMITEM>No</LEDGERFROMITEM>
<LEDGERNAME>Container Handling Services-Import-GST</LEDGERNAME>
<AMOUNT>50.000</AMOUNT>
</ALLLEDGERENTRIES.LIST>
<ALLLEDGERENTRIES.LIST>
<REMOVEZEROENTRIES>No</REMOVEZEROENTRIES>
<ISDEEMEDPOSITIVE>No</ISDEEMEDPOSITIVE>
<LEDGERFROMITEM>No</LEDGERFROMITEM>
<LEDGERNAME>IGST</LEDGERNAME>
<AMOUNT>9.0000000</AMOUNT>
</ALLLEDGERENTRIES.LIST>
<ALLLEDGERENTRIES.LIST>
<REMOVEZEROENTRIES>No</REMOVEZEROENTRIES>
<ISDEEMEDPOSITIVE>No</ISDEEMEDPOSITIVE>
<LEDGERFROMITEM>No</LEDGERFROMITEM>
<LEDGERNAME>Container Handling Services-Import-GST</LEDGERNAME>
<AMOUNT>30.000</AMOUNT>
</ALLLEDGERENTRIES.LIST>
<ALLLEDGERENTRIES.LIST>
<REMOVEZEROENTRIES>No</REMOVEZEROENTRIES>
<ISDEEMEDPOSITIVE>No</ISDEEMEDPOSITIVE>
<LEDGERFROMITEM>No</LEDGERFROMITEM>
<LEDGERNAME>IGST</LEDGERNAME>
<AMOUNT>5.4000000</AMOUNT>
</ALLLEDGERENTRIES.LIST>
<ALLLEDGERENTRIES.LIST>
<REMOVEZEROENTRIES>No</REMOVEZEROENTRIES>
<ISDEEMEDPOSITIVE>No</ISDEEMEDPOSITIVE>
<LEDGERFROMITEM>No</LEDGERFROMITEM>
<LEDGERNAME>Container Handling Services-Import-GST</LEDGERNAME>
<AMOUNT>400.000</AMOUNT>
</ALLLEDGERENTRIES.LIST>
<ALLLEDGERENTRIES.LIST>
<REMOVEZEROENTRIES>No</REMOVEZEROENTRIES>
<ISDEEMEDPOSITIVE>No</ISDEEMEDPOSITIVE>
<LEDGERFROMITEM>No</LEDGERFROMITEM>
<LEDGERNAME>IGST</LEDGERNAME>
<AMOUNT>72.0000000</AMOUNT>
</ALLLEDGERENTRIES.LIST>
<ALLLEDGERENTRIES.LIST>
<REMOVEZEROENTRIES>No</REMOVEZEROENTRIES>
<ISDEEMEDPOSITIVE>No</ISDEEMEDPOSITIVE>
<LEDGERFROMITEM>No</LEDGERFROMITEM>
<LEDGERNAME>Container Handling Services-Import-GST</LEDGERNAME>
<AMOUNT>900.000</AMOUNT>
</ALLLEDGERENTRIES.LIST>
<ALLLEDGERENTRIES.LIST>
<REMOVEZEROENTRIES>No</REMOVEZEROENTRIES>
<ISDEEMEDPOSITIVE>No</ISDEEMEDPOSITIVE>
<LEDGERFROMITEM>No</LEDGERFROMITEM>
<LEDGERNAME>IGST</LEDGERNAME>
<AMOUNT>162.0000000</AMOUNT>
</ALLLEDGERENTRIES.LIST>
<ALLLEDGERENTRIES.LIST>
<REMOVEZEROENTRIES>No</REMOVEZEROENTRIES>
<ISDEEMEDPOSITIVE>No</ISDEEMEDPOSITIVE>
<LEDGERFROMITEM>No</LEDGERFROMITEM>
<LEDGERNAME>SHORT AND EXCESS</LEDGERNAME>
<AMOUNT>-0.100</AMOUNT>
</ALLLEDGERENTRIES.LIST>
</VOUCHER>
<VOUCHER>
<ISOPTIONAL>No</ISOPTIONAL>
<USEFORGAINLOSS>No</USEFORGAINLOSS>
<USEFORCOMPOUND>No</USEFORCOMPOUND>
<VOUCHERTYPENAME>Sales-Import-CFSM</VOUCHERTYPENAME>
<DATE>20180326</DATE>
<EFFECTIVEDATE>20180326</EFFECTIVEDATE>
<ISCANCELLED>No</ISCANCELLED>
<USETRACKINGNUMBER>No</USETRACKINGNUMBER>
<ISPOSTDATED>No</ISPOSTDATED>
<ISINVOICE>No</ISINVOICE>
<DIFFACTUALQTY>No</DIFFACTUALQTY>
<VOUCHERNUMBER>ALSH002512/17-18</VOUCHERNUMBER>
<PARTYLEDGERNAME>GIVAUDAN INDIA PVT LTD</PARTYLEDGERNAME>
<NARRATION>Being amount debited towards IGM No: 2190115, BL NO: 73000015144, Importer: GIVAUDAN INDIA PVT LTD, VOY NO: 811, Vessel: MSC CRISTINA, LINER: MSC LINE OffDocTHC and containers:  1 X 20, Invoice No: ALSH002512/17-18</NARRATION>
<ALLLEDGERENTRIES.LIST>
<REMOVEZEROENTRIES>No</REMOVEZEROENTRIES>
<ISDEEMEDPOSITIVE>Yes</ISDEEMEDPOSITIVE>
<LEDGERFROMITEM>No</LEDGERFROMITEM>
<LEDGERNAME>GIVAUDAN INDIA PVT LTD</LEDGERNAME>
<AMOUNT>-2478.000</AMOUNT>
<BILLALLOCATIONS.LIST>
<NAME>ALSH002512/17-18</NAME>
<BILLTYPE>New Ref</BILLTYPE>
<AMOUNT>-2478.000</AMOUNT>
</BILLALLOCATIONS.LIST>
</ALLLEDGERENTRIES.LIST>
<ALLLEDGERENTRIES.LIST>
<REMOVEZEROENTRIES>No</REMOVEZEROENTRIES>
<ISDEEMEDPOSITIVE>No</ISDEEMEDPOSITIVE>
<LEDGERFROMITEM>No</LEDGERFROMITEM>
<LEDGERNAME>Other Storage and Warehousing Services-Import-GST</LEDGERNAME>
<AMOUNT>2100.000</AMOUNT>
</ALLLEDGERENTRIES.LIST>
<ALLLEDGERENTRIES.LIST>
<REMOVEZEROENTRIES>No</REMOVEZEROENTRIES>
<ISDEEMEDPOSITIVE>No</ISDEEMEDPOSITIVE>
<LEDGERFROMITEM>No</LEDGERFROMITEM>
<LEDGERNAME>IGST</LEDGERNAME>
<AMOUNT>378.0000000</AMOUNT>
</ALLLEDGERENTRIES.LIST>
<ALLLEDGERENTRIES.LIST>
<REMOVEZEROENTRIES>No</REMOVEZEROENTRIES>
<ISDEEMEDPOSITIVE>No</ISDEEMEDPOSITIVE>
<LEDGERFROMITEM>No</LEDGERFROMITEM>
<LEDGERNAME>SHORT AND EXCESS</LEDGERNAME>
<AMOUNT>0.000</AMOUNT>
</ALLLEDGERENTRIES.LIST>
</VOUCHER>
<VOUCHER>
<ISOPTIONAL>No</ISOPTIONAL>
<USEFORGAINLOSS>No</USEFORGAINLOSS>
<USEFORCOMPOUND>No</USEFORCOMPOUND>
<VOUCHERTYPENAME>Sales-Import-CFSM</VOUCHERTYPENAME>
<DATE>20180326</DATE>
<EFFECTIVEDATE>20180326</EFFECTIVEDATE>
<ISCANCELLED>No</ISCANCELLED>
<USETRACKINGNUMBER>No</USETRACKINGNUMBER>
<ISPOSTDATED>No</ISPOSTDATED>
<ISINVOICE>No</ISINVOICE>
<DIFFACTUALQTY>No</DIFFACTUALQTY>
<VOUCHERNUMBER>ALSH002513/17-18</VOUCHERNUMBER>
<PARTYLEDGERNAME>RAJSHILA SYNTHETICS PVT LTD</PARTYLEDGERNAME>
<NARRATION>Being amount debited towards IGM No: 2189527, BL NO: MSCUOH507623, Importer: RAJSHILA SYNTHETICS PVT.LTD., VOY NO: 810, Vessel: MSC FABIOLA, LINER: MSC LINE OffDocTHC and containers:  1 X 20, Invoice No: ALSH002513/17-18</NARRATION>
<ALLLEDGERENTRIES.LIST>
<REMOVEZEROENTRIES>No</REMOVEZEROENTRIES>
<ISDEEMEDPOSITIVE>Yes</ISDEEMEDPOSITIVE>
<LEDGERFROMITEM>No</LEDGERFROMITEM>
<LEDGERNAME>RAJSHILA SYNTHETICS PVT LTD</LEDGERNAME>
<AMOUNT>-38108.000</AMOUNT>
<BILLALLOCATIONS.LIST>
<NAME>ALSH002513/17-18</NAME>
<BILLTYPE>New Ref</BILLTYPE>
<AMOUNT>-38108.000</AMOUNT>
</BILLALLOCATIONS.LIST>
</ALLLEDGERENTRIES.LIST>
<ALLLEDGERENTRIES.LIST>
<REMOVEZEROENTRIES>No</REMOVEZEROENTRIES>
<ISDEEMEDPOSITIVE>No</ISDEEMEDPOSITIVE>
<LEDGERFROMITEM>No</LEDGERFROMITEM>
<LEDGERNAME>Container Handling Services-Import-GST</LEDGERNAME>
<AMOUNT>11215.000</AMOUNT>
</ALLLEDGERENTRIES.LIST>
<ALLLEDGERENTRIES.LIST>
<REMOVEZEROENTRIES>No</REMOVEZEROENTRIES>
<ISDEEMEDPOSITIVE>No</ISDEEMEDPOSITIVE>
<LEDGERFROMITEM>No</LEDGERFROMITEM>
<LEDGERNAME>IGST</LEDGERNAME>
<AMOUNT>2018.7000000</AMOUNT>
</ALLLEDGERENTRIES.LIST>
<ALLLEDGERENTRIES.LIST>
<REMOVEZEROENTRIES>No</REMOVEZEROENTRIES>
<ISDEEMEDPOSITIVE>No</ISDEEMEDPOSITIVE>
<LEDGERFROMITEM>No</LEDGERFROMITEM>
<LEDGERNAME>Other Storage and Warehousing Services-Import-GST</LEDGERNAME>
<AMOUNT>17300.000</AMOUNT>
</ALLLEDGERENTRIES.LIST>
<ALLLEDGERENTRIES.LIST>
<REMOVEZEROENTRIES>No</REMOVEZEROENTRIES>
<ISDEEMEDPOSITIVE>No</ISDEEMEDPOSITIVE>
<LEDGERFROMITEM>No</LEDGERFROMITEM>
<LEDGERNAME>IGST</LEDGERNAME>
<AMOUNT>3114.0000000</AMOUNT>
</ALLLEDGERENTRIES.LIST>
<ALLLEDGERENTRIES.LIST>
<REMOVEZEROENTRIES>No</REMOVEZEROENTRIES>
<ISDEEMEDPOSITIVE>No</ISDEEMEDPOSITIVE>
<LEDGERFROMITEM>No</LEDGERFROMITEM>
<LEDGERNAME>Container Handling Services-Import-GST</LEDGERNAME>
<AMOUNT>1330.200</AMOUNT>
</ALLLEDGERENTRIES.LIST>
<ALLLEDGERENTRIES.LIST>
<REMOVEZEROENTRIES>No</REMOVEZEROENTRIES>
<ISDEEMEDPOSITIVE>No</ISDEEMEDPOSITIVE>
<LEDGERFROMITEM>No</LEDGERFROMITEM>
<LEDGERNAME>IGST</LEDGERNAME>
<AMOUNT>239.4400000</AMOUNT>
</ALLLEDGERENTRIES.LIST>
<ALLLEDGERENTRIES.LIST>
<REMOVEZEROENTRIES>No</REMOVEZEROENTRIES>
<ISDEEMEDPOSITIVE>No</ISDEEMEDPOSITIVE>
<LEDGERFROMITEM>No</LEDGERFROMITEM>
<LEDGERNAME>Container Handling Services-Import-GST</LEDGERNAME>
<AMOUNT>1100.000</AMOUNT>
</ALLLEDGERENTRIES.LIST>
<ALLLEDGERENTRIES.LIST>
<REMOVEZEROENTRIES>No</REMOVEZEROENTRIES>
<ISDEEMEDPOSITIVE>No</ISDEEMEDPOSITIVE>
<LEDGERFROMITEM>No</LEDGERFROMITEM>
<LEDGERNAME>IGST</LEDGERNAME>
<AMOUNT>198.0000000</AMOUNT>
</ALLLEDGERENTRIES.LIST>
<ALLLEDGERENTRIES.LIST>
<REMOVEZEROENTRIES>No</REMOVEZEROENTRIES>
<ISDEEMEDPOSITIVE>No</ISDEEMEDPOSITIVE>
<LEDGERFROMITEM>No</LEDGERFROMITEM>
<LEDGERNAME>Container Handling Services-Import-GST</LEDGERNAME>
<AMOUNT>50.000</AMOUNT>
</ALLLEDGERENTRIES.LIST>
<ALLLEDGERENTRIES.LIST>
<REMOVEZEROENTRIES>No</REMOVEZEROENTRIES>
<ISDEEMEDPOSITIVE>No</ISDEEMEDPOSITIVE>
<LEDGERFROMITEM>No</LEDGERFROMITEM>
<LEDGERNAME>IGST</LEDGERNAME>
<AMOUNT>9.0000000</AMOUNT>
</ALLLEDGERENTRIES.LIST>
<ALLLEDGERENTRIES.LIST>
<REMOVEZEROENTRIES>No</REMOVEZEROENTRIES>
<ISDEEMEDPOSITIVE>No</ISDEEMEDPOSITIVE>
<LEDGERFROMITEM>No</LEDGERFROMITEM>
<LEDGERNAME>Container Handling Services-Import-GST</LEDGERNAME>
<AMOUNT>400.000</AMOUNT>
</ALLLEDGERENTRIES.LIST>
<ALLLEDGERENTRIES.LIST>
<REMOVEZEROENTRIES>No</REMOVEZEROENTRIES>
<ISDEEMEDPOSITIVE>No</ISDEEMEDPOSITIVE>
<LEDGERFROMITEM>No</LEDGERFROMITEM>
<LEDGERNAME>IGST</LEDGERNAME>
<AMOUNT>72.0000000</AMOUNT>
</ALLLEDGERENTRIES.LIST>
<ALLLEDGERENTRIES.LIST>
<REMOVEZEROENTRIES>No</REMOVEZEROENTRIES>
<ISDEEMEDPOSITIVE>No</ISDEEMEDPOSITIVE>
<LEDGERFROMITEM>No</LEDGERFROMITEM>
<LEDGERNAME>Container Handling Services-Import-GST</LEDGERNAME>
<AMOUNT>900.000</AMOUNT>
</ALLLEDGERENTRIES.LIST>
<ALLLEDGERENTRIES.LIST>
<REMOVEZEROENTRIES>No</REMOVEZEROENTRIES>
<ISDEEMEDPOSITIVE>No</ISDEEMEDPOSITIVE>
<LEDGERFROMITEM>No</LEDGERFROMITEM>
<LEDGERNAME>IGST</LEDGERNAME>
<AMOUNT>162.0000000</AMOUNT>
</ALLLEDGERENTRIES.LIST>
<ALLLEDGERENTRIES.LIST>
<REMOVEZEROENTRIES>No</REMOVEZEROENTRIES>
<ISDEEMEDPOSITIVE>No</ISDEEMEDPOSITIVE>
<LEDGERFROMITEM>No</LEDGERFROMITEM>
<LEDGERNAME>SHORT AND EXCESS</LEDGERNAME>
<AMOUNT>-0.340</AMOUNT>
</ALLLEDGERENTRIES.LIST>
</VOUCHER>
<VOUCHER>
<ISOPTIONAL>No</ISOPTIONAL>
<USEFORGAINLOSS>No</USEFORGAINLOSS>
<USEFORCOMPOUND>No</USEFORCOMPOUND>
<VOUCHERTYPENAME>Sales-Import-CFSM</VOUCHERTYPENAME>
<DATE>20180326</DATE>
<EFFECTIVEDATE>20180326</EFFECTIVEDATE>
<ISCANCELLED>No</ISCANCELLED>
<USETRACKINGNUMBER>No</USETRACKINGNUMBER>
<ISPOSTDATED>No</ISPOSTDATED>
<ISINVOICE>No</ISINVOICE>
<DIFFACTUALQTY>No</DIFFACTUALQTY>
<VOUCHERNUMBER>ALSI016081/17-18</VOUCHERNUMBER>
<PARTYLEDGERNAME>PRIMA CHEMICALS</PARTYLEDGERNAME>
<NARRATION>Being amount debited towards IGM No: 2190288, BL NO: 0278527784, Importer: M/S.PRIMA CHEMICALS, VOY NO: 151, Vessel: JPO TAURUS, LINER: WAN HAI LINE and containers:  1 X 20, Invoice No: ALSI016081/17-18</NARRATION>
<ALLLEDGERENTRIES.LIST>
<REMOVEZEROENTRIES>No</REMOVEZEROENTRIES>
<ISDEEMEDPOSITIVE>Yes</ISDEEMEDPOSITIVE>
<LEDGERFROMITEM>No</LEDGERFROMITEM>
<LEDGERNAME>PRIMA CHEMICALS</LEDGERNAME>
<AMOUNT>-22059.000</AMOUNT>
<BILLALLOCATIONS.LIST>
<NAME>ALSI016081/17-18</NAME>
<BILLTYPE>New Ref</BILLTYPE>
<AMOUNT>-22059.000</AMOUNT>
</BILLALLOCATIONS.LIST>
</ALLLEDGERENTRIES.LIST>
<ALLLEDGERENTRIES.LIST>
<REMOVEZEROENTRIES>No</REMOVEZEROENTRIES>
<ISDEEMEDPOSITIVE>No</ISDEEMEDPOSITIVE>
<LEDGERFROMITEM>No</LEDGERFROMITEM>
<LEDGERNAME>Container Handling Services-Import-GST</LEDGERNAME>
<AMOUNT>9715.000</AMOUNT>
</ALLLEDGERENTRIES.LIST>
<ALLLEDGERENTRIES.LIST>
<REMOVEZEROENTRIES>No</REMOVEZEROENTRIES>
<ISDEEMEDPOSITIVE>No</ISDEEMEDPOSITIVE>
<LEDGERFROMITEM>No</LEDGERFROMITEM>
<LEDGERNAME>IGST</LEDGERNAME>
<AMOUNT>1748.7000000</AMOUNT>
</ALLLEDGERENTRIES.LIST>
<ALLLEDGERENTRIES.LIST>
<REMOVEZEROENTRIES>No</REMOVEZEROENTRIES>
<ISDEEMEDPOSITIVE>No</ISDEEMEDPOSITIVE>
<LEDGERFROMITEM>No</LEDGERFROMITEM>
<LEDGERNAME>Other Storage and Warehousing Services-Import-GST</LEDGERNAME>
<AMOUNT>3800.000</AMOUNT>
</ALLLEDGERENTRIES.LIST>
<ALLLEDGERENTRIES.LIST>
<REMOVEZEROENTRIES>No</REMOVEZEROENTRIES>
<ISDEEMEDPOSITIVE>No</ISDEEMEDPOSITIVE>
<LEDGERFROMITEM>No</LEDGERFROMITEM>
<LEDGERNAME>IGST</LEDGERNAME>
<AMOUNT>684.0000000</AMOUNT>
</ALLLEDGERENTRIES.LIST>
<ALLLEDGERENTRIES.LIST>
<REMOVEZEROENTRIES>No</REMOVEZEROENTRIES>
<ISDEEMEDPOSITIVE>No</ISDEEMEDPOSITIVE>
<LEDGERFROMITEM>No</LEDGERFROMITEM>
<LEDGERNAME>Container Handling Services-Import-GST</LEDGERNAME>
<AMOUNT>2728.800</AMOUNT>
</ALLLEDGERENTRIES.LIST>
<ALLLEDGERENTRIES.LIST>
<REMOVEZEROENTRIES>No</REMOVEZEROENTRIES>
<ISDEEMEDPOSITIVE>No</ISDEEMEDPOSITIVE>
<LEDGERFROMITEM>No</LEDGERFROMITEM>
<LEDGERNAME>IGST</LEDGERNAME>
<AMOUNT>491.1800000</AMOUNT>
</ALLLEDGERENTRIES.LIST>
<ALLLEDGERENTRIES.LIST>
<REMOVEZEROENTRIES>No</REMOVEZEROENTRIES>
<ISDEEMEDPOSITIVE>No</ISDEEMEDPOSITIVE>
<LEDGERFROMITEM>No</LEDGERFROMITEM>
<LEDGERNAME>Container Handling Services-Import-GST</LEDGERNAME>
<AMOUNT>1100.000</AMOUNT>
</ALLLEDGERENTRIES.LIST>
<ALLLEDGERENTRIES.LIST>
<REMOVEZEROENTRIES>No</REMOVEZEROENTRIES>
<ISDEEMEDPOSITIVE>No</ISDEEMEDPOSITIVE>
<LEDGERFROMITEM>No</LEDGERFROMITEM>
<LEDGERNAME>IGST</LEDGERNAME>
<AMOUNT>198.0000000</AMOUNT>
</ALLLEDGERENTRIES.LIST>
<ALLLEDGERENTRIES.LIST>
<REMOVEZEROENTRIES>No</REMOVEZEROENTRIES>
<ISDEEMEDPOSITIVE>No</ISDEEMEDPOSITIVE>
<LEDGERFROMITEM>No</LEDGERFROMITEM>
<LEDGERNAME>Container Handling Services-Import-GST</LEDGERNAME>
<AMOUNT>50.000</AMOUNT>
</ALLLEDGERENTRIES.LIST>
<ALLLEDGERENTRIES.LIST>
<REMOVEZEROENTRIES>No</REMOVEZEROENTRIES>
<ISDEEMEDPOSITIVE>No</ISDEEMEDPOSITIVE>
<LEDGERFROMITEM>No</LEDGERFROMITEM>
<LEDGERNAME>IGST</LEDGERNAME>
<AMOUNT>9.0000000</AMOUNT>
</ALLLEDGERENTRIES.LIST>
<ALLLEDGERENTRIES.LIST>
<REMOVEZEROENTRIES>No</REMOVEZEROENTRIES>
<ISDEEMEDPOSITIVE>No</ISDEEMEDPOSITIVE>
<LEDGERFROMITEM>No</LEDGERFROMITEM>
<LEDGERNAME>Container Handling Services-Import-GST</LEDGERNAME>
<AMOUNT>400.000</AMOUNT>
</ALLLEDGERENTRIES.LIST>
<ALLLEDGERENTRIES.LIST>
<REMOVEZEROENTRIES>No</REMOVEZEROENTRIES>
<ISDEEMEDPOSITIVE>No</ISDEEMEDPOSITIVE>
<LEDGERFROMITEM>No</LEDGERFROMITEM>
<LEDGERNAME>IGST</LEDGERNAME>
<AMOUNT>72.0000000</AMOUNT>
</ALLLEDGERENTRIES.LIST>
<ALLLEDGERENTRIES.LIST>
<REMOVEZEROENTRIES>No</REMOVEZEROENTRIES>
<ISDEEMEDPOSITIVE>No</ISDEEMEDPOSITIVE>
<LEDGERFROMITEM>No</LEDGERFROMITEM>
<LEDGERNAME>Container Handling Services-Import-GST</LEDGERNAME>
<AMOUNT>900.000</AMOUNT>
</ALLLEDGERENTRIES.LIST>
<ALLLEDGERENTRIES.LIST>
<REMOVEZEROENTRIES>No</REMOVEZEROENTRIES>
<ISDEEMEDPOSITIVE>No</ISDEEMEDPOSITIVE>
<LEDGERFROMITEM>No</LEDGERFROMITEM>
<LEDGERNAME>IGST</LEDGERNAME>
<AMOUNT>162.0000000</AMOUNT>
</ALLLEDGERENTRIES.LIST>
<ALLLEDGERENTRIES.LIST>
<REMOVEZEROENTRIES>No</REMOVEZEROENTRIES>
<ISDEEMEDPOSITIVE>No</ISDEEMEDPOSITIVE>
<LEDGERFROMITEM>No</LEDGERFROMITEM>
<LEDGERNAME>SHORT AND EXCESS</LEDGERNAME>
<AMOUNT>0.320</AMOUNT>
</ALLLEDGERENTRIES.LIST>
</VOUCHER>
<VOUCHER>
<ISOPTIONAL>No</ISOPTIONAL>
<USEFORGAINLOSS>No</USEFORGAINLOSS>
<USEFORCOMPOUND>No</USEFORCOMPOUND>
<VOUCHERTYPENAME>Sales-Import-CFSM</VOUCHERTYPENAME>
<DATE>20180326</DATE>
<EFFECTIVEDATE>20180326</EFFECTIVEDATE>
<ISCANCELLED>No</ISCANCELLED>
<USETRACKINGNUMBER>No</USETRACKINGNUMBER>
<ISPOSTDATED>No</ISPOSTDATED>
<ISINVOICE>No</ISINVOICE>
<DIFFACTUALQTY>No</DIFFACTUALQTY>
<VOUCHERNUMBER>ALSI016082/17-18</VOUCHERNUMBER>
<PARTYLEDGERNAME>DOW CHEMICALS INTERNATIONAL PVT LTD</PARTYLEDGERNAME>
<NARRATION>Being amount debited towards IGM No: 2190288, BL NO: 0278528046, Importer: DOW CHEMICALS INTERNATIONAL PVT.LTD, VOY NO: 151, Vessel: JPO TAURUS, LINER: Wan Hai Lines Ltd and containers:  1 X 20, Invoice No: ALSI016082/17-18</NARRATION>
<ALLLEDGERENTRIES.LIST>
<REMOVEZEROENTRIES>No</REMOVEZEROENTRIES>
<ISDEEMEDPOSITIVE>Yes</ISDEEMEDPOSITIVE>
<LEDGERFROMITEM>No</LEDGERFROMITEM>
<LEDGERNAME>DOW CHEMICALS INTERNATIONAL PVT LTD</LEDGERNAME>
<AMOUNT>-22709.000</AMOUNT>
<BILLALLOCATIONS.LIST>
<NAME>ALSI016082/17-18</NAME>
<BILLTYPE>New Ref</BILLTYPE>
<AMOUNT>-22709.000</AMOUNT>
</BILLALLOCATIONS.LIST>
</ALLLEDGERENTRIES.LIST>
<ALLLEDGERENTRIES.LIST>
<REMOVEZEROENTRIES>No</REMOVEZEROENTRIES>
<ISDEEMEDPOSITIVE>No</ISDEEMEDPOSITIVE>
<LEDGERFROMITEM>No</LEDGERFROMITEM>
<LEDGERNAME>Container Handling Services-Import-GST</LEDGERNAME>
<AMOUNT>13065.000</AMOUNT>
</ALLLEDGERENTRIES.LIST>
<ALLLEDGERENTRIES.LIST>
<REMOVEZEROENTRIES>No</REMOVEZEROENTRIES>
<ISDEEMEDPOSITIVE>No</ISDEEMEDPOSITIVE>
<LEDGERFROMITEM>No</LEDGERFROMITEM>
<LEDGERNAME>CGST</LEDGERNAME>
<AMOUNT>1175.8500000</AMOUNT>
</ALLLEDGERENTRIES.LIST>
<ALLLEDGERENTRIES.LIST>
<REMOVEZEROENTRIES>No</REMOVEZEROENTRIES>
<ISDEEMEDPOSITIVE>No</ISDEEMEDPOSITIVE>
<LEDGERFROMITEM>No</LEDGERFROMITEM>
<LEDGERNAME>SGST</LEDGERNAME>
<AMOUNT>1175.8500000</AMOUNT>
</ALLLEDGERENTRIES.LIST>
<ALLLEDGERENTRIES.LIST>
<REMOVEZEROENTRIES>No</REMOVEZEROENTRIES>
<ISDEEMEDPOSITIVE>No</ISDEEMEDPOSITIVE>
<LEDGERFROMITEM>No</LEDGERFROMITEM>
<LEDGERNAME>Other Storage and Warehousing Services-Import-GST</LEDGERNAME>
<AMOUNT>2700.000</AMOUNT>
</ALLLEDGERENTRIES.LIST>
<ALLLEDGERENTRIES.LIST>
<REMOVEZEROENTRIES>No</REMOVEZEROENTRIES>
<ISDEEMEDPOSITIVE>No</ISDEEMEDPOSITIVE>
<LEDGERFROMITEM>No</LEDGERFROMITEM>
<LEDGERNAME>CGST</LEDGERNAME>
<AMOUNT>243.0000000</AMOUNT>
</ALLLEDGERENTRIES.LIST>
<ALLLEDGERENTRIES.LIST>
<REMOVEZEROENTRIES>No</REMOVEZEROENTRIES>
<ISDEEMEDPOSITIVE>No</ISDEEMEDPOSITIVE>
<LEDGERFROMITEM>No</LEDGERFROMITEM>
<LEDGERNAME>SGST</LEDGERNAME>
<AMOUNT>243.0000000</AMOUNT>
</ALLLEDGERENTRIES.LIST>
<ALLLEDGERENTRIES.LIST>
<REMOVEZEROENTRIES>No</REMOVEZEROENTRIES>
<ISDEEMEDPOSITIVE>No</ISDEEMEDPOSITIVE>
<LEDGERFROMITEM>No</LEDGERFROMITEM>
<LEDGERNAME>Container Handling Services-Import-GST</LEDGERNAME>
<AMOUNT>1100.000</AMOUNT>
</ALLLEDGERENTRIES.LIST>
<ALLLEDGERENTRIES.LIST>
<REMOVEZEROENTRIES>No</REMOVEZEROENTRIES>
<ISDEEMEDPOSITIVE>No</ISDEEMEDPOSITIVE>
<LEDGERFROMITEM>No</LEDGERFROMITEM>
<LEDGERNAME>CGST</LEDGERNAME>
<AMOUNT>99.0000000</AMOUNT>
</ALLLEDGERENTRIES.LIST>
<ALLLEDGERENTRIES.LIST>
<REMOVEZEROENTRIES>No</REMOVEZEROENTRIES>
<ISDEEMEDPOSITIVE>No</ISDEEMEDPOSITIVE>
<LEDGERFROMITEM>No</LEDGERFROMITEM>
<LEDGERNAME>SGST</LEDGERNAME>
<AMOUNT>99.0000000</AMOUNT>
</ALLLEDGERENTRIES.LIST>
<ALLLEDGERENTRIES.LIST>
<REMOVEZEROENTRIES>No</REMOVEZEROENTRIES>
<ISDEEMEDPOSITIVE>No</ISDEEMEDPOSITIVE>
<LEDGERFROMITEM>No</LEDGERFROMITEM>
<LEDGERNAME>Container Handling Services-Import-GST</LEDGERNAME>
<AMOUNT>50.000</AMOUNT>
</ALLLEDGERENTRIES.LIST>
<ALLLEDGERENTRIES.LIST>
<REMOVEZEROENTRIES>No</REMOVEZEROENTRIES>
<ISDEEMEDPOSITIVE>No</ISDEEMEDPOSITIVE>
<LEDGERFROMITEM>No</LEDGERFROMITEM>
<LEDGERNAME>CGST</LEDGERNAME>
<AMOUNT>4.5000000</AMOUNT>
</ALLLEDGERENTRIES.LIST>
<ALLLEDGERENTRIES.LIST>
<REMOVEZEROENTRIES>No</REMOVEZEROENTRIES>
<ISDEEMEDPOSITIVE>No</ISDEEMEDPOSITIVE>
<LEDGERFROMITEM>No</LEDGERFROMITEM>
<LEDGERNAME>SGST</LEDGERNAME>
<AMOUNT>4.5000000</AMOUNT>
</ALLLEDGERENTRIES.LIST>
<ALLLEDGERENTRIES.LIST>
<REMOVEZEROENTRIES>No</REMOVEZEROENTRIES>
<ISDEEMEDPOSITIVE>No</ISDEEMEDPOSITIVE>
<LEDGERFROMITEM>No</LEDGERFROMITEM>
<LEDGERNAME>Container Handling Services-Import-GST</LEDGERNAME>
<AMOUNT>1000.000</AMOUNT>
</ALLLEDGERENTRIES.LIST>
<ALLLEDGERENTRIES.LIST>
<REMOVEZEROENTRIES>No</REMOVEZEROENTRIES>
<ISDEEMEDPOSITIVE>No</ISDEEMEDPOSITIVE>
<LEDGERFROMITEM>No</LEDGERFROMITEM>
<LEDGERNAME>CGST</LEDGERNAME>
<AMOUNT>90.0000000</AMOUNT>
</ALLLEDGERENTRIES.LIST>
<ALLLEDGERENTRIES.LIST>
<REMOVEZEROENTRIES>No</REMOVEZEROENTRIES>
<ISDEEMEDPOSITIVE>No</ISDEEMEDPOSITIVE>
<LEDGERFROMITEM>No</LEDGERFROMITEM>
<LEDGERNAME>SGST</LEDGERNAME>
<AMOUNT>90.0000000</AMOUNT>
</ALLLEDGERENTRIES.LIST>
<ALLLEDGERENTRIES.LIST>
<REMOVEZEROENTRIES>No</REMOVEZEROENTRIES>
<ISDEEMEDPOSITIVE>No</ISDEEMEDPOSITIVE>
<LEDGERFROMITEM>No</LEDGERFROMITEM>
<LEDGERNAME>Container Handling Services-Import-GST</LEDGERNAME>
<AMOUNT>30.000</AMOUNT>
</ALLLEDGERENTRIES.LIST>
<ALLLEDGERENTRIES.LIST>
<REMOVEZEROENTRIES>No</REMOVEZEROENTRIES>
<ISDEEMEDPOSITIVE>No</ISDEEMEDPOSITIVE>
<LEDGERFROMITEM>No</LEDGERFROMITEM>
<LEDGERNAME>CGST</LEDGERNAME>
<AMOUNT>2.7000000</AMOUNT>
</ALLLEDGERENTRIES.LIST>
<ALLLEDGERENTRIES.LIST>
<REMOVEZEROENTRIES>No</REMOVEZEROENTRIES>
<ISDEEMEDPOSITIVE>No</ISDEEMEDPOSITIVE>
<LEDGERFROMITEM>No</LEDGERFROMITEM>
<LEDGERNAME>SGST</LEDGERNAME>
<AMOUNT>2.7000000</AMOUNT>
</ALLLEDGERENTRIES.LIST>
<ALLLEDGERENTRIES.LIST>
<REMOVEZEROENTRIES>No</REMOVEZEROENTRIES>
<ISDEEMEDPOSITIVE>No</ISDEEMEDPOSITIVE>
<LEDGERFROMITEM>No</LEDGERFROMITEM>
<LEDGERNAME>Container Handling Services-Import-GST</LEDGERNAME>
<AMOUNT>400.000</AMOUNT>
</ALLLEDGERENTRIES.LIST>
<ALLLEDGERENTRIES.LIST>
<REMOVEZEROENTRIES>No</REMOVEZEROENTRIES>
<ISDEEMEDPOSITIVE>No</ISDEEMEDPOSITIVE>
<LEDGERFROMITEM>No</LEDGERFROMITEM>
<LEDGERNAME>CGST</LEDGERNAME>
<AMOUNT>36.0000000</AMOUNT>
</ALLLEDGERENTRIES.LIST>
<ALLLEDGERENTRIES.LIST>
<REMOVEZEROENTRIES>No</REMOVEZEROENTRIES>
<ISDEEMEDPOSITIVE>No</ISDEEMEDPOSITIVE>
<LEDGERFROMITEM>No</LEDGERFROMITEM>
<LEDGERNAME>SGST</LEDGERNAME>
<AMOUNT>36.0000000</AMOUNT>
</ALLLEDGERENTRIES.LIST>
<ALLLEDGERENTRIES.LIST>
<REMOVEZEROENTRIES>No</REMOVEZEROENTRIES>
<ISDEEMEDPOSITIVE>No</ISDEEMEDPOSITIVE>
<LEDGERFROMITEM>No</LEDGERFROMITEM>
<LEDGERNAME>Container Handling Services-Import-GST</LEDGERNAME>
<AMOUNT>900.000</AMOUNT>
</ALLLEDGERENTRIES.LIST>
<ALLLEDGERENTRIES.LIST>
<REMOVEZEROENTRIES>No</REMOVEZEROENTRIES>
<ISDEEMEDPOSITIVE>No</ISDEEMEDPOSITIVE>
<LEDGERFROMITEM>No</LEDGERFROMITEM>
<LEDGERNAME>CGST</LEDGERNAME>
<AMOUNT>81.0000000</AMOUNT>
</ALLLEDGERENTRIES.LIST>
<ALLLEDGERENTRIES.LIST>
<REMOVEZEROENTRIES>No</REMOVEZEROENTRIES>
<ISDEEMEDPOSITIVE>No</ISDEEMEDPOSITIVE>
<LEDGERFROMITEM>No</LEDGERFROMITEM>
<LEDGERNAME>SGST</LEDGERNAME>
<AMOUNT>81.0000000</AMOUNT>
</ALLLEDGERENTRIES.LIST>
<ALLLEDGERENTRIES.LIST>
<REMOVEZEROENTRIES>No</REMOVEZEROENTRIES>
<ISDEEMEDPOSITIVE>No</ISDEEMEDPOSITIVE>
<LEDGERFROMITEM>No</LEDGERFROMITEM>
<LEDGERNAME>SHORT AND EXCESS</LEDGERNAME>
<AMOUNT>-0.100</AMOUNT>
</ALLLEDGERENTRIES.LIST>
</VOUCHER>
<VOUCHER>
<ISOPTIONAL>No</ISOPTIONAL>
<USEFORGAINLOSS>No</USEFORGAINLOSS>
<USEFORCOMPOUND>No</USEFORCOMPOUND>
<VOUCHERTYPENAME>Sales-Import-CFSM</VOUCHERTYPENAME>
<DATE>20180326</DATE>
<EFFECTIVEDATE>20180326</EFFECTIVEDATE>
<ISCANCELLED>No</ISCANCELLED>
<USETRACKINGNUMBER>No</USETRACKINGNUMBER>
<ISPOSTDATED>No</ISPOSTDATED>
<ISINVOICE>No</ISINVOICE>
<DIFFACTUALQTY>No</DIFFACTUALQTY>
<VOUCHERNUMBER>ALSI016083/17-18</VOUCHERNUMBER>
<PARTYLEDGERNAME>Apollo Fiege Integrated Logistics Pvt.Ltd(Import)</PARTYLEDGERNAME>
<NARRATION>Being amount debited towards IGM No: 2189058, BL NO: NYKSSINU04228500, Importer: WHIRLPOOL OF INDIA LIMITED, VOY NO: 043, Vessel: X PRESS MAKALU, LINER: NYK and containers:  1 X 20, Invoice No: ALSI016083/17-18</NARRATION>
<ALLLEDGERENTRIES.LIST>
<REMOVEZEROENTRIES>No</REMOVEZEROENTRIES>
<ISDEEMEDPOSITIVE>Yes</ISDEEMEDPOSITIVE>
<LEDGERFROMITEM>No</LEDGERFROMITEM>
<LEDGERNAME>Apollo Fiege Integrated Logistics Pvt.Ltd(Import)</LEDGERNAME>
<AMOUNT>-22066.000</AMOUNT>
<BILLALLOCATIONS.LIST>
<NAME>ALSI016083/17-18</NAME>
<BILLTYPE>New Ref</BILLTYPE>
<AMOUNT>-22066.000</AMOUNT>
</BILLALLOCATIONS.LIST>
</ALLLEDGERENTRIES.LIST>
<ALLLEDGERENTRIES.LIST>
<REMOVEZEROENTRIES>No</REMOVEZEROENTRIES>
<ISDEEMEDPOSITIVE>No</ISDEEMEDPOSITIVE>
<LEDGERFROMITEM>No</LEDGERFROMITEM>
<LEDGERNAME>Container Handling Services-Import-GST</LEDGERNAME>
<AMOUNT>10000.000</AMOUNT>
</ALLLEDGERENTRIES.LIST>
<ALLLEDGERENTRIES.LIST>
<REMOVEZEROENTRIES>No</REMOVEZEROENTRIES>
<ISDEEMEDPOSITIVE>No</ISDEEMEDPOSITIVE>
<LEDGERFROMITEM>No</LEDGERFROMITEM>
<LEDGERNAME>IGST</LEDGERNAME>
<AMOUNT>1800.0000000</AMOUNT>
</ALLLEDGERENTRIES.LIST>
<ALLLEDGERENTRIES.LIST>
<REMOVEZEROENTRIES>No</REMOVEZEROENTRIES>
<ISDEEMEDPOSITIVE>No</ISDEEMEDPOSITIVE>
<LEDGERFROMITEM>No</LEDGERFROMITEM>
<LEDGERNAME>Other Storage and Warehousing Services-Import-GST</LEDGERNAME>
<AMOUNT>8700.000</AMOUNT>
</ALLLEDGERENTRIES.LIST>
<ALLLEDGERENTRIES.LIST>
<REMOVEZEROENTRIES>No</REMOVEZEROENTRIES>
<ISDEEMEDPOSITIVE>No</ISDEEMEDPOSITIVE>
<LEDGERFROMITEM>No</LEDGERFROMITEM>
<LEDGERNAME>IGST</LEDGERNAME>
<AMOUNT>1566.0000000</AMOUNT>
</ALLLEDGERENTRIES.LIST>
<ALLLEDGERENTRIES.LIST>
<REMOVEZEROENTRIES>No</REMOVEZEROENTRIES>
<ISDEEMEDPOSITIVE>No</ISDEEMEDPOSITIVE>
<LEDGERFROMITEM>No</LEDGERFROMITEM>
<LEDGERNAME>Container Handling Services-Import-GST</LEDGERNAME>
<AMOUNT>0.000</AMOUNT>
</ALLLEDGERENTRIES.LIST>
<ALLLEDGERENTRIES.LIST>
<REMOVEZEROENTRIES>No</REMOVEZEROENTRIES>
<ISDEEMEDPOSITIVE>No</ISDEEMEDPOSITIVE>
<LEDGERFROMITEM>No</LEDGERFROMITEM>
<LEDGERNAME>IGST</LEDGERNAME>
<AMOUNT>0.0000000</AMOUNT>
</ALLLEDGERENTRIES.LIST>
<ALLLEDGERENTRIES.LIST>
<REMOVEZEROENTRIES>No</REMOVEZEROENTRIES>
<ISDEEMEDPOSITIVE>No</ISDEEMEDPOSITIVE>
<LEDGERFROMITEM>No</LEDGERFROMITEM>
<LEDGERNAME>SHORT AND EXCESS</LEDGERNAME>
<AMOUNT>0.000</AMOUNT>
</ALLLEDGERENTRIES.LIST>
</VOUCHER>
<VOUCHER>
<ISOPTIONAL>No</ISOPTIONAL>
<USEFORGAINLOSS>No</USEFORGAINLOSS>
<USEFORCOMPOUND>No</USEFORCOMPOUND>
<VOUCHERTYPENAME>Sales-Import-CFSM</VOUCHERTYPENAME>
<DATE>20180326</DATE>
<EFFECTIVEDATE>20180326</EFFECTIVEDATE>
<ISCANCELLED>No</ISCANCELLED>
<USETRACKINGNUMBER>No</USETRACKINGNUMBER>
<ISPOSTDATED>No</ISPOSTDATED>
<ISINVOICE>No</ISINVOICE>
<DIFFACTUALQTY>No</DIFFACTUALQTY>
<VOUCHERNUMBER>ALSI016084/17-18</VOUCHERNUMBER>
<PARTYLEDGERNAME>GAURAV ENTERPRISES</PARTYLEDGERNAME>
<NARRATION>Being amount debited towards IGM No: 2190063, BL NO: BKKCB18000738, Importer: GAURAV ENTERPRISE, VOY NO: 096, Vessel: OOCL ATLANTA, LINER: RCL-OffDocTHC and containers:  1 X 20, Invoice No: ALSI016084/17-18</NARRATION>
<ALLLEDGERENTRIES.LIST>
<REMOVEZEROENTRIES>No</REMOVEZEROENTRIES>
<ISDEEMEDPOSITIVE>Yes</ISDEEMEDPOSITIVE>
<LEDGERFROMITEM>No</LEDGERFROMITEM>
<LEDGERNAME>GAURAV ENTERPRISES</LEDGERNAME>
<AMOUNT>-6195.000</AMOUNT>
<BILLALLOCATIONS.LIST>
<NAME>ALSI016084/17-18</NAME>
<BILLTYPE>New Ref</BILLTYPE>
<AMOUNT>-6195.000</AMOUNT>
</BILLALLOCATIONS.LIST>
</ALLLEDGERENTRIES.LIST>
<ALLLEDGERENTRIES.LIST>
<REMOVEZEROENTRIES>No</REMOVEZEROENTRIES>
<ISDEEMEDPOSITIVE>No</ISDEEMEDPOSITIVE>
<LEDGERFROMITEM>No</LEDGERFROMITEM>
<LEDGERNAME>Other Storage and Warehousing Services-Import-GST</LEDGERNAME>
<AMOUNT>1250.000</AMOUNT>
</ALLLEDGERENTRIES.LIST>
<ALLLEDGERENTRIES.LIST>
<REMOVEZEROENTRIES>No</REMOVEZEROENTRIES>
<ISDEEMEDPOSITIVE>No</ISDEEMEDPOSITIVE>
<LEDGERFROMITEM>No</LEDGERFROMITEM>
<LEDGERNAME>IGST</LEDGERNAME>
<AMOUNT>225.0000000</AMOUNT>
</ALLLEDGERENTRIES.LIST>
<ALLLEDGERENTRIES.LIST>
<REMOVEZEROENTRIES>No</REMOVEZEROENTRIES>
<ISDEEMEDPOSITIVE>No</ISDEEMEDPOSITIVE>
<LEDGERFROMITEM>No</LEDGERFROMITEM>
<LEDGERNAME>Container Handling Services-Import-GST</LEDGERNAME>
<AMOUNT>4000.000</AMOUNT>
</ALLLEDGERENTRIES.LIST>
<ALLLEDGERENTRIES.LIST>
<REMOVEZEROENTRIES>No</REMOVEZEROENTRIES>
<ISDEEMEDPOSITIVE>No</ISDEEMEDPOSITIVE>
<LEDGERFROMITEM>No</LEDGERFROMITEM>
<LEDGERNAME>IGST</LEDGERNAME>
<AMOUNT>720.0000000</AMOUNT>
</ALLLEDGERENTRIES.LIST>
<ALLLEDGERENTRIES.LIST>
<REMOVEZEROENTRIES>No</REMOVEZEROENTRIES>
<ISDEEMEDPOSITIVE>No</ISDEEMEDPOSITIVE>
<LEDGERFROMITEM>No</LEDGERFROMITEM>
<LEDGERNAME>SHORT AND EXCESS</LEDGERNAME>
<AMOUNT>0.000</AMOUNT>
</ALLLEDGERENTRIES.LIST>
</VOUCHER>
<VOUCHER>
<ISOPTIONAL>No</ISOPTIONAL>
<USEFORGAINLOSS>No</USEFORGAINLOSS>
<USEFORCOMPOUND>No</USEFORCOMPOUND>
<VOUCHERTYPENAME>Sales-Import-CFSM</VOUCHERTYPENAME>
<DATE>20180326</DATE>
<EFFECTIVEDATE>20180326</EFFECTIVEDATE>
<ISCANCELLED>No</ISCANCELLED>
<USETRACKINGNUMBER>No</USETRACKINGNUMBER>
<ISPOSTDATED>No</ISPOSTDATED>
<ISINVOICE>No</ISINVOICE>
<DIFFACTUALQTY>No</DIFFACTUALQTY>
<VOUCHERNUMBER>ALSI016085/17-18</VOUCHERNUMBER>
<PARTYLEDGERNAME>SONARG PLASTICS PRIVATE LIMITED</PARTYLEDGERNAME>
<NARRATION>Being amount debited towards IGM No: 2189768, BL NO: HLCUTYO180223805, Importer: SONARG PLASTICS PVT. LTD., VOY NO: 47E, Vessel: MAULLIN, LINER: Hapag OffDocTHC-Hapag LLoyd India Pvt. Ltd. and containers:  5 X 20, Invoice No: ALSI016085/17-18</NARRATION>
<ALLLEDGERENTRIES.LIST>
<REMOVEZEROENTRIES>No</REMOVEZEROENTRIES>
<ISDEEMEDPOSITIVE>Yes</ISDEEMEDPOSITIVE>
<LEDGERFROMITEM>No</LEDGERFROMITEM>
<LEDGERNAME>SONARG PLASTICS PRIVATE LIMITED</LEDGERNAME>
<AMOUNT>-81981.000</AMOUNT>
<BILLALLOCATIONS.LIST>
<NAME>ALSI016085/17-18</NAME>
<BILLTYPE>New Ref</BILLTYPE>
<AMOUNT>-81981.000</AMOUNT>
</BILLALLOCATIONS.LIST>
</ALLLEDGERENTRIES.LIST>
<ALLLEDGERENTRIES.LIST>
<REMOVEZEROENTRIES>No</REMOVEZEROENTRIES>
<ISDEEMEDPOSITIVE>No</ISDEEMEDPOSITIVE>
<LEDGERFROMITEM>No</LEDGERFROMITEM>
<LEDGERNAME>Container Handling Services-Import-GST</LEDGERNAME>
<AMOUNT>21825.000</AMOUNT>
</ALLLEDGERENTRIES.LIST>
<ALLLEDGERENTRIES.LIST>
<REMOVEZEROENTRIES>No</REMOVEZEROENTRIES>
<ISDEEMEDPOSITIVE>No</ISDEEMEDPOSITIVE>
<LEDGERFROMITEM>No</LEDGERFROMITEM>
<LEDGERNAME>IGST</LEDGERNAME>
<AMOUNT>3928.5000000</AMOUNT>
</ALLLEDGERENTRIES.LIST>
<ALLLEDGERENTRIES.LIST>
<REMOVEZEROENTRIES>No</REMOVEZEROENTRIES>
<ISDEEMEDPOSITIVE>No</ISDEEMEDPOSITIVE>
<LEDGERFROMITEM>No</LEDGERFROMITEM>
<LEDGERNAME>Container Handling Services-Import-GST</LEDGERNAME>
<AMOUNT>2000.000</AMOUNT>
</ALLLEDGERENTRIES.LIST>
<ALLLEDGERENTRIES.LIST>
<REMOVEZEROENTRIES>No</REMOVEZEROENTRIES>
<ISDEEMEDPOSITIVE>No</ISDEEMEDPOSITIVE>
<LEDGERFROMITEM>No</LEDGERFROMITEM>
<LEDGERNAME>IGST</LEDGERNAME>
<AMOUNT>360.0000000</AMOUNT>
</ALLLEDGERENTRIES.LIST>
<ALLLEDGERENTRIES.LIST>
<REMOVEZEROENTRIES>No</REMOVEZEROENTRIES>
<ISDEEMEDPOSITIVE>No</ISDEEMEDPOSITIVE>
<LEDGERFROMITEM>No</LEDGERFROMITEM>
<LEDGERNAME>Other Storage and Warehousing Services-Import-GST</LEDGERNAME>
<AMOUNT>34850.000</AMOUNT>
</ALLLEDGERENTRIES.LIST>
<ALLLEDGERENTRIES.LIST>
<REMOVEZEROENTRIES>No</REMOVEZEROENTRIES>
<ISDEEMEDPOSITIVE>No</ISDEEMEDPOSITIVE>
<LEDGERFROMITEM>No</LEDGERFROMITEM>
<LEDGERNAME>IGST</LEDGERNAME>
<AMOUNT>6273.0000000</AMOUNT>
</ALLLEDGERENTRIES.LIST>
<ALLLEDGERENTRIES.LIST>
<REMOVEZEROENTRIES>No</REMOVEZEROENTRIES>
<ISDEEMEDPOSITIVE>No</ISDEEMEDPOSITIVE>
<LEDGERFROMITEM>No</LEDGERFROMITEM>
<LEDGERNAME>Container Handling Services-Import-GST</LEDGERNAME>
<AMOUNT>5500.000</AMOUNT>
</ALLLEDGERENTRIES.LIST>
<ALLLEDGERENTRIES.LIST>
<REMOVEZEROENTRIES>No</REMOVEZEROENTRIES>
<ISDEEMEDPOSITIVE>No</ISDEEMEDPOSITIVE>
<LEDGERFROMITEM>No</LEDGERFROMITEM>
<LEDGERNAME>IGST</LEDGERNAME>
<AMOUNT>990.0000000</AMOUNT>
</ALLLEDGERENTRIES.LIST>
<ALLLEDGERENTRIES.LIST>
<REMOVEZEROENTRIES>No</REMOVEZEROENTRIES>
<ISDEEMEDPOSITIVE>No</ISDEEMEDPOSITIVE>
<LEDGERFROMITEM>No</LEDGERFROMITEM>
<LEDGERNAME>Container Handling Services-Import-GST</LEDGERNAME>
<AMOUNT>250.000</AMOUNT>
</ALLLEDGERENTRIES.LIST>
<ALLLEDGERENTRIES.LIST>
<REMOVEZEROENTRIES>No</REMOVEZEROENTRIES>
<ISDEEMEDPOSITIVE>No</ISDEEMEDPOSITIVE>
<LEDGERFROMITEM>No</LEDGERFROMITEM>
<LEDGERNAME>IGST</LEDGERNAME>
<AMOUNT>45.0000000</AMOUNT>
</ALLLEDGERENTRIES.LIST>
<ALLLEDGERENTRIES.LIST>
<REMOVEZEROENTRIES>No</REMOVEZEROENTRIES>
<ISDEEMEDPOSITIVE>No</ISDEEMEDPOSITIVE>
<LEDGERFROMITEM>No</LEDGERFROMITEM>
<LEDGERNAME>Container Handling Services-Import-GST</LEDGERNAME>
<AMOUNT>150.000</AMOUNT>
</ALLLEDGERENTRIES.LIST>
<ALLLEDGERENTRIES.LIST>
<REMOVEZEROENTRIES>No</REMOVEZEROENTRIES>
<ISDEEMEDPOSITIVE>No</ISDEEMEDPOSITIVE>
<LEDGERFROMITEM>No</LEDGERFROMITEM>
<LEDGERNAME>IGST</LEDGERNAME>
<AMOUNT>27.0000000</AMOUNT>
</ALLLEDGERENTRIES.LIST>
<ALLLEDGERENTRIES.LIST>
<REMOVEZEROENTRIES>No</REMOVEZEROENTRIES>
<ISDEEMEDPOSITIVE>No</ISDEEMEDPOSITIVE>
<LEDGERFROMITEM>No</LEDGERFROMITEM>
<LEDGERNAME>Container Handling Services-Import-GST</LEDGERNAME>
<AMOUNT>400.000</AMOUNT>
</ALLLEDGERENTRIES.LIST>
<ALLLEDGERENTRIES.LIST>
<REMOVEZEROENTRIES>No</REMOVEZEROENTRIES>
<ISDEEMEDPOSITIVE>No</ISDEEMEDPOSITIVE>
<LEDGERFROMITEM>No</LEDGERFROMITEM>
<LEDGERNAME>IGST</LEDGERNAME>
<AMOUNT>72.0000000</AMOUNT>
</ALLLEDGERENTRIES.LIST>
<ALLLEDGERENTRIES.LIST>
<REMOVEZEROENTRIES>No</REMOVEZEROENTRIES>
<ISDEEMEDPOSITIVE>No</ISDEEMEDPOSITIVE>
<LEDGERFROMITEM>No</LEDGERFROMITEM>
<LEDGERNAME>Container Handling Services-Import-GST</LEDGERNAME>
<AMOUNT>4500.000</AMOUNT>
</ALLLEDGERENTRIES.LIST>
<ALLLEDGERENTRIES.LIST>
<REMOVEZEROENTRIES>No</REMOVEZEROENTRIES>
<ISDEEMEDPOSITIVE>No</ISDEEMEDPOSITIVE>
<LEDGERFROMITEM>No</LEDGERFROMITEM>
<LEDGERNAME>IGST</LEDGERNAME>
<AMOUNT>810.0000000</AMOUNT>
</ALLLEDGERENTRIES.LIST>
<ALLLEDGERENTRIES.LIST>
<REMOVEZEROENTRIES>No</REMOVEZEROENTRIES>
<ISDEEMEDPOSITIVE>No</ISDEEMEDPOSITIVE>
<LEDGERFROMITEM>No</LEDGERFROMITEM>
<LEDGERNAME>SHORT AND EXCESS</LEDGERNAME>
<AMOUNT>0.500</AMOUNT>
</ALLLEDGERENTRIES.LIST>
</VOUCHER>
<VOUCHER>
<ISOPTIONAL>No</ISOPTIONAL>
<USEFORGAINLOSS>No</USEFORGAINLOSS>
<USEFORCOMPOUND>No</USEFORCOMPOUND>
<VOUCHERTYPENAME>Sales-Import-CFSM</VOUCHERTYPENAME>
<DATE>20180326</DATE>
<EFFECTIVEDATE>20180326</EFFECTIVEDATE>
<ISCANCELLED>No</ISCANCELLED>
<USETRACKINGNUMBER>No</USETRACKINGNUMBER>
<ISPOSTDATED>No</ISPOSTDATED>
<ISINVOICE>No</ISINVOICE>
<DIFFACTUALQTY>No</DIFFACTUALQTY>
<VOUCHERNUMBER>ALSI016086/17-18</VOUCHERNUMBER>
<PARTYLEDGERNAME>Apollo Fiege Integrated Logistics Pvt.Ltd(Import)</PARTYLEDGERNAME>
<NARRATION>Being amount debited towards IGM No: 2189058, BL NO: NYKSSINU04234200, Importer: WHIRLPOOL OF INDIA LIMITED, VOY NO: 043, Vessel: X PRESS MAKALU, LINER: Z LINE and containers:  1 X 20, Invoice No: ALSI016086/17-18</NARRATION>
<ALLLEDGERENTRIES.LIST>
<REMOVEZEROENTRIES>No</REMOVEZEROENTRIES>
<ISDEEMEDPOSITIVE>Yes</ISDEEMEDPOSITIVE>
<LEDGERFROMITEM>No</LEDGERFROMITEM>
<LEDGERNAME>Apollo Fiege Integrated Logistics Pvt.Ltd(Import)</LEDGERNAME>
<AMOUNT>-22066.000</AMOUNT>
<BILLALLOCATIONS.LIST>
<NAME>ALSI016086/17-18</NAME>
<BILLTYPE>New Ref</BILLTYPE>
<AMOUNT>-22066.000</AMOUNT>
</BILLALLOCATIONS.LIST>
</ALLLEDGERENTRIES.LIST>
<ALLLEDGERENTRIES.LIST>
<REMOVEZEROENTRIES>No</REMOVEZEROENTRIES>
<ISDEEMEDPOSITIVE>No</ISDEEMEDPOSITIVE>
<LEDGERFROMITEM>No</LEDGERFROMITEM>
<LEDGERNAME>Container Handling Services-Import-GST</LEDGERNAME>
<AMOUNT>10000.000</AMOUNT>
</ALLLEDGERENTRIES.LIST>
<ALLLEDGERENTRIES.LIST>
<REMOVEZEROENTRIES>No</REMOVEZEROENTRIES>
<ISDEEMEDPOSITIVE>No</ISDEEMEDPOSITIVE>
<LEDGERFROMITEM>No</LEDGERFROMITEM>
<LEDGERNAME>IGST</LEDGERNAME>
<AMOUNT>1800.0000000</AMOUNT>
</ALLLEDGERENTRIES.LIST>
<ALLLEDGERENTRIES.LIST>
<REMOVEZEROENTRIES>No</REMOVEZEROENTRIES>
<ISDEEMEDPOSITIVE>No</ISDEEMEDPOSITIVE>
<LEDGERFROMITEM>No</LEDGERFROMITEM>
<LEDGERNAME>Other Storage and Warehousing Services-Import-GST</LEDGERNAME>
<AMOUNT>8700.000</AMOUNT>
</ALLLEDGERENTRIES.LIST>
<ALLLEDGERENTRIES.LIST>
<REMOVEZEROENTRIES>No</REMOVEZEROENTRIES>
<ISDEEMEDPOSITIVE>No</ISDEEMEDPOSITIVE>
<LEDGERFROMITEM>No</LEDGERFROMITEM>
<LEDGERNAME>IGST</LEDGERNAME>
<AMOUNT>1566.0000000</AMOUNT>
</ALLLEDGERENTRIES.LIST>
<ALLLEDGERENTRIES.LIST>
<REMOVEZEROENTRIES>No</REMOVEZEROENTRIES>
<ISDEEMEDPOSITIVE>No</ISDEEMEDPOSITIVE>
<LEDGERFROMITEM>No</LEDGERFROMITEM>
<LEDGERNAME>Container Handling Services-Import-GST</LEDGERNAME>
<AMOUNT>0.000</AMOUNT>
</ALLLEDGERENTRIES.LIST>
<ALLLEDGERENTRIES.LIST>
<REMOVEZEROENTRIES>No</REMOVEZEROENTRIES>
<ISDEEMEDPOSITIVE>No</ISDEEMEDPOSITIVE>
<LEDGERFROMITEM>No</LEDGERFROMITEM>
<LEDGERNAME>IGST</LEDGERNAME>
<AMOUNT>0.0000000</AMOUNT>
</ALLLEDGERENTRIES.LIST>
<ALLLEDGERENTRIES.LIST>
<REMOVEZEROENTRIES>No</REMOVEZEROENTRIES>
<ISDEEMEDPOSITIVE>No</ISDEEMEDPOSITIVE>
<LEDGERFROMITEM>No</LEDGERFROMITEM>
<LEDGERNAME>SHORT AND EXCESS</LEDGERNAME>
<AMOUNT>0.000</AMOUNT>
</ALLLEDGERENTRIES.LIST>
</VOUCHER>
<VOUCHER>
<ISOPTIONAL>No</ISOPTIONAL>
<USEFORGAINLOSS>No</USEFORGAINLOSS>
<USEFORCOMPOUND>No</USEFORCOMPOUND>
<VOUCHERTYPENAME>Sales-Import-CFSM</VOUCHERTYPENAME>
<DATE>20180326</DATE>
<EFFECTIVEDATE>20180326</EFFECTIVEDATE>
<ISCANCELLED>No</ISCANCELLED>
<USETRACKINGNUMBER>No</USETRACKINGNUMBER>
<ISPOSTDATED>No</ISPOSTDATED>
<ISINVOICE>No</ISINVOICE>
<DIFFACTUALQTY>No</DIFFACTUALQTY>
<VOUCHERNUMBER>ALSI016087/17-18</VOUCHERNUMBER>
<PARTYLEDGERNAME>PEER PAPER MACHINES PVT LTD</PARTYLEDGERNAME>
<NARRATION>Being amount debited towards IGM No: 2190288, BL NO: DLSN80011600, Importer: PEER PAPER MACHINES PVT. LTD., VOY NO: 151, Vessel: JPO TAURUS, LINER: PIL MUMBAI PRIVATE LIMITED and containers:  1 X 20, Invoice No: ALSI016087/17-18</NARRATION>
<ALLLEDGERENTRIES.LIST>
<REMOVEZEROENTRIES>No</REMOVEZEROENTRIES>
<ISDEEMEDPOSITIVE>Yes</ISDEEMEDPOSITIVE>
<LEDGERFROMITEM>No</LEDGERFROMITEM>
<LEDGERNAME>PEER PAPER MACHINES PVT LTD</LEDGERNAME>
<AMOUNT>-20402.000</AMOUNT>
<BILLALLOCATIONS.LIST>
<NAME>ALSI016087/17-18</NAME>
<BILLTYPE>New Ref</BILLTYPE>
<AMOUNT>-20402.000</AMOUNT>
</BILLALLOCATIONS.LIST>
</ALLLEDGERENTRIES.LIST>
<ALLLEDGERENTRIES.LIST>
<REMOVEZEROENTRIES>No</REMOVEZEROENTRIES>
<ISDEEMEDPOSITIVE>No</ISDEEMEDPOSITIVE>
<LEDGERFROMITEM>No</LEDGERFROMITEM>
<LEDGERNAME>Container Handling Services-Import-GST</LEDGERNAME>
<AMOUNT>12715.000</AMOUNT>
</ALLLEDGERENTRIES.LIST>
<ALLLEDGERENTRIES.LIST>
<REMOVEZEROENTRIES>No</REMOVEZEROENTRIES>
<ISDEEMEDPOSITIVE>No</ISDEEMEDPOSITIVE>
<LEDGERFROMITEM>No</LEDGERFROMITEM>
<LEDGERNAME>IGST</LEDGERNAME>
<AMOUNT>2288.7000000</AMOUNT>
</ALLLEDGERENTRIES.LIST>
<ALLLEDGERENTRIES.LIST>
<REMOVEZEROENTRIES>No</REMOVEZEROENTRIES>
<ISDEEMEDPOSITIVE>No</ISDEEMEDPOSITIVE>
<LEDGERFROMITEM>No</LEDGERFROMITEM>
<LEDGERNAME>Other Storage and Warehousing Services-Import-GST</LEDGERNAME>
<AMOUNT>1900.000</AMOUNT>
</ALLLEDGERENTRIES.LIST>
<ALLLEDGERENTRIES.LIST>
<REMOVEZEROENTRIES>No</REMOVEZEROENTRIES>
<ISDEEMEDPOSITIVE>No</ISDEEMEDPOSITIVE>
<LEDGERFROMITEM>No</LEDGERFROMITEM>
<LEDGERNAME>IGST</LEDGERNAME>
<AMOUNT>342.0000000</AMOUNT>
</ALLLEDGERENTRIES.LIST>
<ALLLEDGERENTRIES.LIST>
<REMOVEZEROENTRIES>No</REMOVEZEROENTRIES>
<ISDEEMEDPOSITIVE>No</ISDEEMEDPOSITIVE>
<LEDGERFROMITEM>No</LEDGERFROMITEM>
<LEDGERNAME>Container Handling Services-Import-GST</LEDGERNAME>
<AMOUNT>225.000</AMOUNT>
</ALLLEDGERENTRIES.LIST>
<ALLLEDGERENTRIES.LIST>
<REMOVEZEROENTRIES>No</REMOVEZEROENTRIES>
<ISDEEMEDPOSITIVE>No</ISDEEMEDPOSITIVE>
<LEDGERFROMITEM>No</LEDGERFROMITEM>
<LEDGERNAME>IGST</LEDGERNAME>
<AMOUNT>40.5000000</AMOUNT>
</ALLLEDGERENTRIES.LIST>
<ALLLEDGERENTRIES.LIST>
<REMOVEZEROENTRIES>No</REMOVEZEROENTRIES>
<ISDEEMEDPOSITIVE>No</ISDEEMEDPOSITIVE>
<LEDGERFROMITEM>No</LEDGERFROMITEM>
<LEDGERNAME>Container Handling Services-Import-GST</LEDGERNAME>
<AMOUNT>1100.000</AMOUNT>
</ALLLEDGERENTRIES.LIST>
<ALLLEDGERENTRIES.LIST>
<REMOVEZEROENTRIES>No</REMOVEZEROENTRIES>
<ISDEEMEDPOSITIVE>No</ISDEEMEDPOSITIVE>
<LEDGERFROMITEM>No</LEDGERFROMITEM>
<LEDGERNAME>IGST</LEDGERNAME>
<AMOUNT>198.0000000</AMOUNT>
</ALLLEDGERENTRIES.LIST>
<ALLLEDGERENTRIES.LIST>
<REMOVEZEROENTRIES>No</REMOVEZEROENTRIES>
<ISDEEMEDPOSITIVE>No</ISDEEMEDPOSITIVE>
<LEDGERFROMITEM>No</LEDGERFROMITEM>
<LEDGERNAME>Container Handling Services-Import-GST</LEDGERNAME>
<AMOUNT>50.000</AMOUNT>
</ALLLEDGERENTRIES.LIST>
<ALLLEDGERENTRIES.LIST>
<REMOVEZEROENTRIES>No</REMOVEZEROENTRIES>
<ISDEEMEDPOSITIVE>No</ISDEEMEDPOSITIVE>
<LEDGERFROMITEM>No</LEDGERFROMITEM>
<LEDGERNAME>IGST</LEDGERNAME>
<AMOUNT>9.0000000</AMOUNT>
</ALLLEDGERENTRIES.LIST>
<ALLLEDGERENTRIES.LIST>
<REMOVEZEROENTRIES>No</REMOVEZEROENTRIES>
<ISDEEMEDPOSITIVE>No</ISDEEMEDPOSITIVE>
<LEDGERFROMITEM>No</LEDGERFROMITEM>
<LEDGERNAME>Container Handling Services-Import-GST</LEDGERNAME>
<AMOUNT>400.000</AMOUNT>
</ALLLEDGERENTRIES.LIST>
<ALLLEDGERENTRIES.LIST>
<REMOVEZEROENTRIES>No</REMOVEZEROENTRIES>
<ISDEEMEDPOSITIVE>No</ISDEEMEDPOSITIVE>
<LEDGERFROMITEM>No</LEDGERFROMITEM>
<LEDGERNAME>IGST</LEDGERNAME>
<AMOUNT>72.0000000</AMOUNT>
</ALLLEDGERENTRIES.LIST>
<ALLLEDGERENTRIES.LIST>
<REMOVEZEROENTRIES>No</REMOVEZEROENTRIES>
<ISDEEMEDPOSITIVE>No</ISDEEMEDPOSITIVE>
<LEDGERFROMITEM>No</LEDGERFROMITEM>
<LEDGERNAME>Container Handling Services-Import-GST</LEDGERNAME>
<AMOUNT>900.000</AMOUNT>
</ALLLEDGERENTRIES.LIST>
<ALLLEDGERENTRIES.LIST>
<REMOVEZEROENTRIES>No</REMOVEZEROENTRIES>
<ISDEEMEDPOSITIVE>No</ISDEEMEDPOSITIVE>
<LEDGERFROMITEM>No</LEDGERFROMITEM>
<LEDGERNAME>IGST</LEDGERNAME>
<AMOUNT>162.0000000</AMOUNT>
</ALLLEDGERENTRIES.LIST>
<ALLLEDGERENTRIES.LIST>
<REMOVEZEROENTRIES>No</REMOVEZEROENTRIES>
<ISDEEMEDPOSITIVE>No</ISDEEMEDPOSITIVE>
<LEDGERFROMITEM>No</LEDGERFROMITEM>
<LEDGERNAME>SHORT AND EXCESS</LEDGERNAME>
<AMOUNT>-0.200</AMOUNT>
</ALLLEDGERENTRIES.LIST>
</VOUCHER>
<VOUCHER>
<ISOPTIONAL>No</ISOPTIONAL>
<USEFORGAINLOSS>No</USEFORGAINLOSS>
<USEFORCOMPOUND>No</USEFORCOMPOUND>
<VOUCHERTYPENAME>Sales-Import-CFSM</VOUCHERTYPENAME>
<DATE>20180326</DATE>
<EFFECTIVEDATE>20180326</EFFECTIVEDATE>
<ISCANCELLED>No</ISCANCELLED>
<USETRACKINGNUMBER>No</USETRACKINGNUMBER>
<ISPOSTDATED>No</ISPOSTDATED>
<ISINVOICE>No</ISINVOICE>
<DIFFACTUALQTY>No</DIFFACTUALQTY>
<VOUCHERNUMBER>ALSI016088/17-18</VOUCHERNUMBER>
<PARTYLEDGERNAME>WCI SHIPPING PVT LTD.</PARTYLEDGERNAME>
<NARRATION>Being amount debited towards IGM No: 2190116, BL NO: EGLV570800007665, Importer: NIVAL DEVELOPERS PRIVATE LIMITED, VOY NO: 114, Vessel: ITAL MODERNA, LINER: EVERGREEN SHIPPING AGENCY (INDIA) PVT.LTD. and containers:  1 X 40, Invoice No: ALSI016088/17-18</NARRATION>
<ALLLEDGERENTRIES.LIST>
<REMOVEZEROENTRIES>No</REMOVEZEROENTRIES>
<ISDEEMEDPOSITIVE>Yes</ISDEEMEDPOSITIVE>
<LEDGERFROMITEM>No</LEDGERFROMITEM>
<LEDGERNAME>WCI SHIPPING PVT LTD.</LEDGERNAME>
<AMOUNT>-35943.000</AMOUNT>
<BILLALLOCATIONS.LIST>
<NAME>ALSI016088/17-18</NAME>
<BILLTYPE>New Ref</BILLTYPE>
<AMOUNT>-35943.000</AMOUNT>
</BILLALLOCATIONS.LIST>
</ALLLEDGERENTRIES.LIST>
<ALLLEDGERENTRIES.LIST>
<REMOVEZEROENTRIES>No</REMOVEZEROENTRIES>
<ISDEEMEDPOSITIVE>No</ISDEEMEDPOSITIVE>
<LEDGERFROMITEM>No</LEDGERFROMITEM>
<LEDGERNAME>Container Handling Services-Import-GST</LEDGERNAME>
<AMOUNT>16580.000</AMOUNT>
</ALLLEDGERENTRIES.LIST>
<ALLLEDGERENTRIES.LIST>
<REMOVEZEROENTRIES>No</REMOVEZEROENTRIES>
<ISDEEMEDPOSITIVE>No</ISDEEMEDPOSITIVE>
<LEDGERFROMITEM>No</LEDGERFROMITEM>
<LEDGERNAME>CGST</LEDGERNAME>
<AMOUNT>1492.2000000</AMOUNT>
</ALLLEDGERENTRIES.LIST>
<ALLLEDGERENTRIES.LIST>
<REMOVEZEROENTRIES>No</REMOVEZEROENTRIES>
<ISDEEMEDPOSITIVE>No</ISDEEMEDPOSITIVE>
<LEDGERFROMITEM>No</LEDGERFROMITEM>
<LEDGERNAME>SGST</LEDGERNAME>
<AMOUNT>1492.2000000</AMOUNT>
</ALLLEDGERENTRIES.LIST>
<ALLLEDGERENTRIES.LIST>
<REMOVEZEROENTRIES>No</REMOVEZEROENTRIES>
<ISDEEMEDPOSITIVE>No</ISDEEMEDPOSITIVE>
<LEDGERFROMITEM>No</LEDGERFROMITEM>
<LEDGERNAME>Container Handling Services-Import-GST</LEDGERNAME>
<AMOUNT>2000.000</AMOUNT>
</ALLLEDGERENTRIES.LIST>
<ALLLEDGERENTRIES.LIST>
<REMOVEZEROENTRIES>No</REMOVEZEROENTRIES>
<ISDEEMEDPOSITIVE>No</ISDEEMEDPOSITIVE>
<LEDGERFROMITEM>No</LEDGERFROMITEM>
<LEDGERNAME>CGST</LEDGERNAME>
<AMOUNT>180.0000000</AMOUNT>
</ALLLEDGERENTRIES.LIST>
<ALLLEDGERENTRIES.LIST>
<REMOVEZEROENTRIES>No</REMOVEZEROENTRIES>
<ISDEEMEDPOSITIVE>No</ISDEEMEDPOSITIVE>
<LEDGERFROMITEM>No</LEDGERFROMITEM>
<LEDGERNAME>SGST</LEDGERNAME>
<AMOUNT>180.0000000</AMOUNT>
</ALLLEDGERENTRIES.LIST>
<ALLLEDGERENTRIES.LIST>
<REMOVEZEROENTRIES>No</REMOVEZEROENTRIES>
<ISDEEMEDPOSITIVE>No</ISDEEMEDPOSITIVE>
<LEDGERFROMITEM>No</LEDGERFROMITEM>
<LEDGERNAME>Other Storage and Warehousing Services-Import-GST</LEDGERNAME>
<AMOUNT>7400.000</AMOUNT>
</ALLLEDGERENTRIES.LIST>
<ALLLEDGERENTRIES.LIST>
<REMOVEZEROENTRIES>No</REMOVEZEROENTRIES>
<ISDEEMEDPOSITIVE>No</ISDEEMEDPOSITIVE>
<LEDGERFROMITEM>No</LEDGERFROMITEM>
<LEDGERNAME>CGST</LEDGERNAME>
<AMOUNT>666.0000000</AMOUNT>
</ALLLEDGERENTRIES.LIST>
<ALLLEDGERENTRIES.LIST>
<REMOVEZEROENTRIES>No</REMOVEZEROENTRIES>
<ISDEEMEDPOSITIVE>No</ISDEEMEDPOSITIVE>
<LEDGERFROMITEM>No</LEDGERFROMITEM>
<LEDGERNAME>SGST</LEDGERNAME>
<AMOUNT>666.0000000</AMOUNT>
</ALLLEDGERENTRIES.LIST>
<ALLLEDGERENTRIES.LIST>
<REMOVEZEROENTRIES>No</REMOVEZEROENTRIES>
<ISDEEMEDPOSITIVE>No</ISDEEMEDPOSITIVE>
<LEDGERFROMITEM>No</LEDGERFROMITEM>
<LEDGERNAME>Container Handling Services-Import-GST</LEDGERNAME>
<AMOUNT>2200.000</AMOUNT>
</ALLLEDGERENTRIES.LIST>
<ALLLEDGERENTRIES.LIST>
<REMOVEZEROENTRIES>No</REMOVEZEROENTRIES>
<ISDEEMEDPOSITIVE>No</ISDEEMEDPOSITIVE>
<LEDGERFROMITEM>No</LEDGERFROMITEM>
<LEDGERNAME>CGST</LEDGERNAME>
<AMOUNT>198.0000000</AMOUNT>
</ALLLEDGERENTRIES.LIST>
<ALLLEDGERENTRIES.LIST>
<REMOVEZEROENTRIES>No</REMOVEZEROENTRIES>
<ISDEEMEDPOSITIVE>No</ISDEEMEDPOSITIVE>
<LEDGERFROMITEM>No</LEDGERFROMITEM>
<LEDGERNAME>SGST</LEDGERNAME>
<AMOUNT>198.0000000</AMOUNT>
</ALLLEDGERENTRIES.LIST>
<ALLLEDGERENTRIES.LIST>
<REMOVEZEROENTRIES>No</REMOVEZEROENTRIES>
<ISDEEMEDPOSITIVE>No</ISDEEMEDPOSITIVE>
<LEDGERFROMITEM>No</LEDGERFROMITEM>
<LEDGERNAME>Container Handling Services-Import-GST</LEDGERNAME>
<AMOUNT>50.000</AMOUNT>
</ALLLEDGERENTRIES.LIST>
<ALLLEDGERENTRIES.LIST>
<REMOVEZEROENTRIES>No</REMOVEZEROENTRIES>
<ISDEEMEDPOSITIVE>No</ISDEEMEDPOSITIVE>
<LEDGERFROMITEM>No</LEDGERFROMITEM>
<LEDGERNAME>CGST</LEDGERNAME>
<AMOUNT>4.5000000</AMOUNT>
</ALLLEDGERENTRIES.LIST>
<ALLLEDGERENTRIES.LIST>
<REMOVEZEROENTRIES>No</REMOVEZEROENTRIES>
<ISDEEMEDPOSITIVE>No</ISDEEMEDPOSITIVE>
<LEDGERFROMITEM>No</LEDGERFROMITEM>
<LEDGERNAME>SGST</LEDGERNAME>
<AMOUNT>4.5000000</AMOUNT>
</ALLLEDGERENTRIES.LIST>
<ALLLEDGERENTRIES.LIST>
<REMOVEZEROENTRIES>No</REMOVEZEROENTRIES>
<ISDEEMEDPOSITIVE>No</ISDEEMEDPOSITIVE>
<LEDGERFROMITEM>No</LEDGERFROMITEM>
<LEDGERNAME>Container Handling Services-Import-GST</LEDGERNAME>
<AMOUNT>30.000</AMOUNT>
</ALLLEDGERENTRIES.LIST>
<ALLLEDGERENTRIES.LIST>
<REMOVEZEROENTRIES>No</REMOVEZEROENTRIES>
<ISDEEMEDPOSITIVE>No</ISDEEMEDPOSITIVE>
<LEDGERFROMITEM>No</LEDGERFROMITEM>
<LEDGERNAME>CGST</LEDGERNAME>
<AMOUNT>2.7000000</AMOUNT>
</ALLLEDGERENTRIES.LIST>
<ALLLEDGERENTRIES.LIST>
<REMOVEZEROENTRIES>No</REMOVEZEROENTRIES>
<ISDEEMEDPOSITIVE>No</ISDEEMEDPOSITIVE>
<LEDGERFROMITEM>No</LEDGERFROMITEM>
<LEDGERNAME>SGST</LEDGERNAME>
<AMOUNT>2.7000000</AMOUNT>
</ALLLEDGERENTRIES.LIST>
<ALLLEDGERENTRIES.LIST>
<REMOVEZEROENTRIES>No</REMOVEZEROENTRIES>
<ISDEEMEDPOSITIVE>No</ISDEEMEDPOSITIVE>
<LEDGERFROMITEM>No</LEDGERFROMITEM>
<LEDGERNAME>Container Handling Services-Import-GST</LEDGERNAME>
<AMOUNT>400.000</AMOUNT>
</ALLLEDGERENTRIES.LIST>
<ALLLEDGERENTRIES.LIST>
<REMOVEZEROENTRIES>No</REMOVEZEROENTRIES>
<ISDEEMEDPOSITIVE>No</ISDEEMEDPOSITIVE>
<LEDGERFROMITEM>No</LEDGERFROMITEM>
<LEDGERNAME>CGST</LEDGERNAME>
<AMOUNT>36.0000000</AMOUNT>
</ALLLEDGERENTRIES.LIST>
<ALLLEDGERENTRIES.LIST>
<REMOVEZEROENTRIES>No</REMOVEZEROENTRIES>
<ISDEEMEDPOSITIVE>No</ISDEEMEDPOSITIVE>
<LEDGERFROMITEM>No</LEDGERFROMITEM>
<LEDGERNAME>SGST</LEDGERNAME>
<AMOUNT>36.0000000</AMOUNT>
</ALLLEDGERENTRIES.LIST>
<ALLLEDGERENTRIES.LIST>
<REMOVEZEROENTRIES>No</REMOVEZEROENTRIES>
<ISDEEMEDPOSITIVE>No</ISDEEMEDPOSITIVE>
<LEDGERFROMITEM>No</LEDGERFROMITEM>
<LEDGERNAME>Container Handling Services-Import-GST</LEDGERNAME>
<AMOUNT>1800.000</AMOUNT>
</ALLLEDGERENTRIES.LIST>
<ALLLEDGERENTRIES.LIST>
<REMOVEZEROENTRIES>No</REMOVEZEROENTRIES>
<ISDEEMEDPOSITIVE>No</ISDEEMEDPOSITIVE>
<LEDGERFROMITEM>No</LEDGERFROMITEM>
<LEDGERNAME>CGST</LEDGERNAME>
<AMOUNT>162.0000000</AMOUNT>
</ALLLEDGERENTRIES.LIST>
<ALLLEDGERENTRIES.LIST>
<REMOVEZEROENTRIES>No</REMOVEZEROENTRIES>
<ISDEEMEDPOSITIVE>No</ISDEEMEDPOSITIVE>
<LEDGERFROMITEM>No</LEDGERFROMITEM>
<LEDGERNAME>SGST</LEDGERNAME>
<AMOUNT>162.0000000</AMOUNT>
</ALLLEDGERENTRIES.LIST>
<ALLLEDGERENTRIES.LIST>
<REMOVEZEROENTRIES>No</REMOVEZEROENTRIES>
<ISDEEMEDPOSITIVE>No</ISDEEMEDPOSITIVE>
<LEDGERFROMITEM>No</LEDGERFROMITEM>
<LEDGERNAME>SHORT AND EXCESS</LEDGERNAME>
<AMOUNT>0.200</AMOUNT>
</ALLLEDGERENTRIES.LIST>
</VOUCHER>
<VOUCHER>
<ISOPTIONAL>No</ISOPTIONAL>
<USEFORGAINLOSS>No</USEFORGAINLOSS>
<USEFORCOMPOUND>No</USEFORCOMPOUND>
<VOUCHERTYPENAME>Sales-Import-CFSM</VOUCHERTYPENAME>
<DATE>20180326</DATE>
<EFFECTIVEDATE>20180326</EFFECTIVEDATE>
<ISCANCELLED>No</ISCANCELLED>
<USETRACKINGNUMBER>No</USETRACKINGNUMBER>
<ISPOSTDATED>No</ISPOSTDATED>
<ISINVOICE>No</ISINVOICE>
<DIFFACTUALQTY>No</DIFFACTUALQTY>
<VOUCHERNUMBER>ALSI016089/17-18</VOUCHERNUMBER>
<PARTYLEDGERNAME>SUPERNOVA ENGINEERS LIMITED</PARTYLEDGERNAME>
<NARRATION>Being amount debited towards IGM No: 2189768, BL NO: HLCUSHA1703HKVN0, Importer: SUPERNOVA ENGINEERS LIMITED, VOY NO: 47E, Vessel: MAULLIN, LINER: Hapag OffDocTHC-Hapag LLoyd India Pvt. Ltd. and containers:  1 X 40, Invoice No: ALSI016089/17-18</NARRATION>
<ALLLEDGERENTRIES.LIST>
<REMOVEZEROENTRIES>No</REMOVEZEROENTRIES>
<ISDEEMEDPOSITIVE>Yes</ISDEEMEDPOSITIVE>
<LEDGERFROMITEM>No</LEDGERFROMITEM>
<LEDGERNAME>SUPERNOVA ENGINEERS LIMITED</LEDGERNAME>
<AMOUNT>-28184.000</AMOUNT>
<BILLALLOCATIONS.LIST>
<NAME>ALSI016089/17-18</NAME>
<BILLTYPE>New Ref</BILLTYPE>
<AMOUNT>-28184.000</AMOUNT>
</BILLALLOCATIONS.LIST>
</ALLLEDGERENTRIES.LIST>
<ALLLEDGERENTRIES.LIST>
<REMOVEZEROENTRIES>No</REMOVEZEROENTRIES>
<ISDEEMEDPOSITIVE>No</ISDEEMEDPOSITIVE>
<LEDGERFROMITEM>No</LEDGERFROMITEM>
<LEDGERNAME>Container Handling Services-Import-GST</LEDGERNAME>
<AMOUNT>5680.000</AMOUNT>
</ALLLEDGERENTRIES.LIST>
<ALLLEDGERENTRIES.LIST>
<REMOVEZEROENTRIES>No</REMOVEZEROENTRIES>
<ISDEEMEDPOSITIVE>No</ISDEEMEDPOSITIVE>
<LEDGERFROMITEM>No</LEDGERFROMITEM>
<LEDGERNAME>IGST</LEDGERNAME>
<AMOUNT>1022.4000000</AMOUNT>
</ALLLEDGERENTRIES.LIST>
<ALLLEDGERENTRIES.LIST>
<REMOVEZEROENTRIES>No</REMOVEZEROENTRIES>
<ISDEEMEDPOSITIVE>No</ISDEEMEDPOSITIVE>
<LEDGERFROMITEM>No</LEDGERFROMITEM>
<LEDGERNAME>Other Storage and Warehousing Services-Import-GST</LEDGERNAME>
<AMOUNT>13600.000</AMOUNT>
</ALLLEDGERENTRIES.LIST>
<ALLLEDGERENTRIES.LIST>
<REMOVEZEROENTRIES>No</REMOVEZEROENTRIES>
<ISDEEMEDPOSITIVE>No</ISDEEMEDPOSITIVE>
<LEDGERFROMITEM>No</LEDGERFROMITEM>
<LEDGERNAME>IGST</LEDGERNAME>
<AMOUNT>2448.0000000</AMOUNT>
</ALLLEDGERENTRIES.LIST>
<ALLLEDGERENTRIES.LIST>
<REMOVEZEROENTRIES>No</REMOVEZEROENTRIES>
<ISDEEMEDPOSITIVE>No</ISDEEMEDPOSITIVE>
<LEDGERFROMITEM>No</LEDGERFROMITEM>
<LEDGERNAME>Container Handling Services-Import-GST</LEDGERNAME>
<AMOUNT>2200.000</AMOUNT>
</ALLLEDGERENTRIES.LIST>
<ALLLEDGERENTRIES.LIST>
<REMOVEZEROENTRIES>No</REMOVEZEROENTRIES>
<ISDEEMEDPOSITIVE>No</ISDEEMEDPOSITIVE>
<LEDGERFROMITEM>No</LEDGERFROMITEM>
<LEDGERNAME>IGST</LEDGERNAME>
<AMOUNT>396.0000000</AMOUNT>
</ALLLEDGERENTRIES.LIST>
<ALLLEDGERENTRIES.LIST>
<REMOVEZEROENTRIES>No</REMOVEZEROENTRIES>
<ISDEEMEDPOSITIVE>No</ISDEEMEDPOSITIVE>
<LEDGERFROMITEM>No</LEDGERFROMITEM>
<LEDGERNAME>Container Handling Services-Import-GST</LEDGERNAME>
<AMOUNT>50.000</AMOUNT>
</ALLLEDGERENTRIES.LIST>
<ALLLEDGERENTRIES.LIST>
<REMOVEZEROENTRIES>No</REMOVEZEROENTRIES>
<ISDEEMEDPOSITIVE>No</ISDEEMEDPOSITIVE>
<LEDGERFROMITEM>No</LEDGERFROMITEM>
<LEDGERNAME>IGST</LEDGERNAME>
<AMOUNT>9.0000000</AMOUNT>
</ALLLEDGERENTRIES.LIST>
<ALLLEDGERENTRIES.LIST>
<REMOVEZEROENTRIES>No</REMOVEZEROENTRIES>
<ISDEEMEDPOSITIVE>No</ISDEEMEDPOSITIVE>
<LEDGERFROMITEM>No</LEDGERFROMITEM>
<LEDGERNAME>Container Handling Services-Import-GST</LEDGERNAME>
<AMOUNT>125.000</AMOUNT>
</ALLLEDGERENTRIES.LIST>
<ALLLEDGERENTRIES.LIST>
<REMOVEZEROENTRIES>No</REMOVEZEROENTRIES>
<ISDEEMEDPOSITIVE>No</ISDEEMEDPOSITIVE>
<LEDGERFROMITEM>No</LEDGERFROMITEM>
<LEDGERNAME>IGST</LEDGERNAME>
<AMOUNT>22.5000000</AMOUNT>
</ALLLEDGERENTRIES.LIST>
<ALLLEDGERENTRIES.LIST>
<REMOVEZEROENTRIES>No</REMOVEZEROENTRIES>
<ISDEEMEDPOSITIVE>No</ISDEEMEDPOSITIVE>
<LEDGERFROMITEM>No</LEDGERFROMITEM>
<LEDGERNAME>Container Handling Services-Import-GST</LEDGERNAME>
<AMOUNT>30.000</AMOUNT>
</ALLLEDGERENTRIES.LIST>
<ALLLEDGERENTRIES.LIST>
<REMOVEZEROENTRIES>No</REMOVEZEROENTRIES>
<ISDEEMEDPOSITIVE>No</ISDEEMEDPOSITIVE>
<LEDGERFROMITEM>No</LEDGERFROMITEM>
<LEDGERNAME>IGST</LEDGERNAME>
<AMOUNT>5.4000000</AMOUNT>
</ALLLEDGERENTRIES.LIST>
<ALLLEDGERENTRIES.LIST>
<REMOVEZEROENTRIES>No</REMOVEZEROENTRIES>
<ISDEEMEDPOSITIVE>No</ISDEEMEDPOSITIVE>
<LEDGERFROMITEM>No</LEDGERFROMITEM>
<LEDGERNAME>Container Handling Services-Import-GST</LEDGERNAME>
<AMOUNT>400.000</AMOUNT>
</ALLLEDGERENTRIES.LIST>
<ALLLEDGERENTRIES.LIST>
<REMOVEZEROENTRIES>No</REMOVEZEROENTRIES>
<ISDEEMEDPOSITIVE>No</ISDEEMEDPOSITIVE>
<LEDGERFROMITEM>No</LEDGERFROMITEM>
<LEDGERNAME>IGST</LEDGERNAME>
<AMOUNT>72.0000000</AMOUNT>
</ALLLEDGERENTRIES.LIST>
<ALLLEDGERENTRIES.LIST>
<REMOVEZEROENTRIES>No</REMOVEZEROENTRIES>
<ISDEEMEDPOSITIVE>No</ISDEEMEDPOSITIVE>
<LEDGERFROMITEM>No</LEDGERFROMITEM>
<LEDGERNAME>Container Handling Services-Import-GST</LEDGERNAME>
<AMOUNT>1800.000</AMOUNT>
</ALLLEDGERENTRIES.LIST>
<ALLLEDGERENTRIES.LIST>
<REMOVEZEROENTRIES>No</REMOVEZEROENTRIES>
<ISDEEMEDPOSITIVE>No</ISDEEMEDPOSITIVE>
<LEDGERFROMITEM>No</LEDGERFROMITEM>
<LEDGERNAME>IGST</LEDGERNAME>
<AMOUNT>324.0000000</AMOUNT>
</ALLLEDGERENTRIES.LIST>
<ALLLEDGERENTRIES.LIST>
<REMOVEZEROENTRIES>No</REMOVEZEROENTRIES>
<ISDEEMEDPOSITIVE>No</ISDEEMEDPOSITIVE>
<LEDGERFROMITEM>No</LEDGERFROMITEM>
<LEDGERNAME>SHORT AND EXCESS</LEDGERNAME>
<AMOUNT>-0.300</AMOUNT>
</ALLLEDGERENTRIES.LIST>
</VOUCHER>
<VOUCHER>
<ISOPTIONAL>No</ISOPTIONAL>
<USEFORGAINLOSS>No</USEFORGAINLOSS>
<USEFORCOMPOUND>No</USEFORCOMPOUND>
<VOUCHERTYPENAME>Sales-Import-CFSM</VOUCHERTYPENAME>
<DATE>20180326</DATE>
<EFFECTIVEDATE>20180326</EFFECTIVEDATE>
<ISCANCELLED>No</ISCANCELLED>
<USETRACKINGNUMBER>No</USETRACKINGNUMBER>
<ISPOSTDATED>No</ISPOSTDATED>
<ISINVOICE>No</ISINVOICE>
<DIFFACTUALQTY>No</DIFFACTUALQTY>
<VOUCHERNUMBER>ALSI016090/17-18</VOUCHERNUMBER>
<PARTYLEDGERNAME>LSR SPECIALITY OILS PVT LTD</PARTYLEDGERNAME>
<NARRATION>Being amount debited towards IGM No: 2189880, BL NO: ELEANRNHA89929, Importer: LSR SPECIALITY OILS PVT. LTD, VOY NO: 811, Vessel: MSC TOMOKO, LINER: APL INDIA PVT. LTD and containers:  1 X 20, Invoice No: ALSI016090/17-18</NARRATION>
<ALLLEDGERENTRIES.LIST>
<REMOVEZEROENTRIES>No</REMOVEZEROENTRIES>
<ISDEEMEDPOSITIVE>Yes</ISDEEMEDPOSITIVE>
<LEDGERFROMITEM>No</LEDGERFROMITEM>
<LEDGERNAME>LSR SPECIALITY OILS PVT LTD</LEDGERNAME>
<AMOUNT>-32090.000</AMOUNT>
<BILLALLOCATIONS.LIST>
<NAME>ALSI016090/17-18</NAME>
<BILLTYPE>New Ref</BILLTYPE>
<AMOUNT>-32090.000</AMOUNT>
</BILLALLOCATIONS.LIST>
</ALLLEDGERENTRIES.LIST>
<ALLLEDGERENTRIES.LIST>
<REMOVEZEROENTRIES>No</REMOVEZEROENTRIES>
<ISDEEMEDPOSITIVE>No</ISDEEMEDPOSITIVE>
<LEDGERFROMITEM>No</LEDGERFROMITEM>
<LEDGERNAME>Container Handling Services-Import-GST</LEDGERNAME>
<AMOUNT>14515.000</AMOUNT>
</ALLLEDGERENTRIES.LIST>
<ALLLEDGERENTRIES.LIST>
<REMOVEZEROENTRIES>No</REMOVEZEROENTRIES>
<ISDEEMEDPOSITIVE>No</ISDEEMEDPOSITIVE>
<LEDGERFROMITEM>No</LEDGERFROMITEM>
<LEDGERNAME>CGST</LEDGERNAME>
<AMOUNT>1306.3500000</AMOUNT>
</ALLLEDGERENTRIES.LIST>
<ALLLEDGERENTRIES.LIST>
<REMOVEZEROENTRIES>No</REMOVEZEROENTRIES>
<ISDEEMEDPOSITIVE>No</ISDEEMEDPOSITIVE>
<LEDGERFROMITEM>No</LEDGERFROMITEM>
<LEDGERNAME>SGST</LEDGERNAME>
<AMOUNT>1306.3500000</AMOUNT>
</ALLLEDGERENTRIES.LIST>
<ALLLEDGERENTRIES.LIST>
<REMOVEZEROENTRIES>No</REMOVEZEROENTRIES>
<ISDEEMEDPOSITIVE>No</ISDEEMEDPOSITIVE>
<LEDGERFROMITEM>No</LEDGERFROMITEM>
<LEDGERNAME>Other Storage and Warehousing Services-Import-GST</LEDGERNAME>
<AMOUNT>10200.000</AMOUNT>
</ALLLEDGERENTRIES.LIST>
<ALLLEDGERENTRIES.LIST>
<REMOVEZEROENTRIES>No</REMOVEZEROENTRIES>
<ISDEEMEDPOSITIVE>No</ISDEEMEDPOSITIVE>
<LEDGERFROMITEM>No</LEDGERFROMITEM>
<LEDGERNAME>CGST</LEDGERNAME>
<AMOUNT>918.0000000</AMOUNT>
</ALLLEDGERENTRIES.LIST>
<ALLLEDGERENTRIES.LIST>
<REMOVEZEROENTRIES>No</REMOVEZEROENTRIES>
<ISDEEMEDPOSITIVE>No</ISDEEMEDPOSITIVE>
<LEDGERFROMITEM>No</LEDGERFROMITEM>
<LEDGERNAME>SGST</LEDGERNAME>
<AMOUNT>918.0000000</AMOUNT>
</ALLLEDGERENTRIES.LIST>
<ALLLEDGERENTRIES.LIST>
<REMOVEZEROENTRIES>No</REMOVEZEROENTRIES>
<ISDEEMEDPOSITIVE>No</ISDEEMEDPOSITIVE>
<LEDGERFROMITEM>No</LEDGERFROMITEM>
<LEDGERNAME>Container Handling Services-Import-GST</LEDGERNAME>
<AMOUNT>1100.000</AMOUNT>
</ALLLEDGERENTRIES.LIST>
<ALLLEDGERENTRIES.LIST>
<REMOVEZEROENTRIES>No</REMOVEZEROENTRIES>
<ISDEEMEDPOSITIVE>No</ISDEEMEDPOSITIVE>
<LEDGERFROMITEM>No</LEDGERFROMITEM>
<LEDGERNAME>CGST</LEDGERNAME>
<AMOUNT>99.0000000</AMOUNT>
</ALLLEDGERENTRIES.LIST>
<ALLLEDGERENTRIES.LIST>
<REMOVEZEROENTRIES>No</REMOVEZEROENTRIES>
<ISDEEMEDPOSITIVE>No</ISDEEMEDPOSITIVE>
<LEDGERFROMITEM>No</LEDGERFROMITEM>
<LEDGERNAME>SGST</LEDGERNAME>
<AMOUNT>99.0000000</AMOUNT>
</ALLLEDGERENTRIES.LIST>
<ALLLEDGERENTRIES.LIST>
<REMOVEZEROENTRIES>No</REMOVEZEROENTRIES>
<ISDEEMEDPOSITIVE>No</ISDEEMEDPOSITIVE>
<LEDGERFROMITEM>No</LEDGERFROMITEM>
<LEDGERNAME>Container Handling Services-Import-GST</LEDGERNAME>
<AMOUNT>50.000</AMOUNT>
</ALLLEDGERENTRIES.LIST>
<ALLLEDGERENTRIES.LIST>
<REMOVEZEROENTRIES>No</REMOVEZEROENTRIES>
<ISDEEMEDPOSITIVE>No</ISDEEMEDPOSITIVE>
<LEDGERFROMITEM>No</LEDGERFROMITEM>
<LEDGERNAME>CGST</LEDGERNAME>
<AMOUNT>4.5000000</AMOUNT>
</ALLLEDGERENTRIES.LIST>
<ALLLEDGERENTRIES.LIST>
<REMOVEZEROENTRIES>No</REMOVEZEROENTRIES>
<ISDEEMEDPOSITIVE>No</ISDEEMEDPOSITIVE>
<LEDGERFROMITEM>No</LEDGERFROMITEM>
<LEDGERNAME>SGST</LEDGERNAME>
<AMOUNT>4.5000000</AMOUNT>
</ALLLEDGERENTRIES.LIST>
<ALLLEDGERENTRIES.LIST>
<REMOVEZEROENTRIES>No</REMOVEZEROENTRIES>
<ISDEEMEDPOSITIVE>No</ISDEEMEDPOSITIVE>
<LEDGERFROMITEM>No</LEDGERFROMITEM>
<LEDGERNAME>Container Handling Services-Import-GST</LEDGERNAME>
<AMOUNT>30.000</AMOUNT>
</ALLLEDGERENTRIES.LIST>
<ALLLEDGERENTRIES.LIST>
<REMOVEZEROENTRIES>No</REMOVEZEROENTRIES>
<ISDEEMEDPOSITIVE>No</ISDEEMEDPOSITIVE>
<LEDGERFROMITEM>No</LEDGERFROMITEM>
<LEDGERNAME>CGST</LEDGERNAME>
<AMOUNT>2.7000000</AMOUNT>
</ALLLEDGERENTRIES.LIST>
<ALLLEDGERENTRIES.LIST>
<REMOVEZEROENTRIES>No</REMOVEZEROENTRIES>
<ISDEEMEDPOSITIVE>No</ISDEEMEDPOSITIVE>
<LEDGERFROMITEM>No</LEDGERFROMITEM>
<LEDGERNAME>SGST</LEDGERNAME>
<AMOUNT>2.7000000</AMOUNT>
</ALLLEDGERENTRIES.LIST>
<ALLLEDGERENTRIES.LIST>
<REMOVEZEROENTRIES>No</REMOVEZEROENTRIES>
<ISDEEMEDPOSITIVE>No</ISDEEMEDPOSITIVE>
<LEDGERFROMITEM>No</LEDGERFROMITEM>
<LEDGERNAME>Container Handling Services-Import-GST</LEDGERNAME>
<AMOUNT>400.000</AMOUNT>
</ALLLEDGERENTRIES.LIST>
<ALLLEDGERENTRIES.LIST>
<REMOVEZEROENTRIES>No</REMOVEZEROENTRIES>
<ISDEEMEDPOSITIVE>No</ISDEEMEDPOSITIVE>
<LEDGERFROMITEM>No</LEDGERFROMITEM>
<LEDGERNAME>CGST</LEDGERNAME>
<AMOUNT>36.0000000</AMOUNT>
</ALLLEDGERENTRIES.LIST>
<ALLLEDGERENTRIES.LIST>
<REMOVEZEROENTRIES>No</REMOVEZEROENTRIES>
<ISDEEMEDPOSITIVE>No</ISDEEMEDPOSITIVE>
<LEDGERFROMITEM>No</LEDGERFROMITEM>
<LEDGERNAME>SGST</LEDGERNAME>
<AMOUNT>36.0000000</AMOUNT>
</ALLLEDGERENTRIES.LIST>
<ALLLEDGERENTRIES.LIST>
<REMOVEZEROENTRIES>No</REMOVEZEROENTRIES>
<ISDEEMEDPOSITIVE>No</ISDEEMEDPOSITIVE>
<LEDGERFROMITEM>No</LEDGERFROMITEM>
<LEDGERNAME>Container Handling Services-Import-GST</LEDGERNAME>
<AMOUNT>900.000</AMOUNT>
</ALLLEDGERENTRIES.LIST>
<ALLLEDGERENTRIES.LIST>
<REMOVEZEROENTRIES>No</REMOVEZEROENTRIES>
<ISDEEMEDPOSITIVE>No</ISDEEMEDPOSITIVE>
<LEDGERFROMITEM>No</LEDGERFROMITEM>
<LEDGERNAME>CGST</LEDGERNAME>
<AMOUNT>81.0000000</AMOUNT>
</ALLLEDGERENTRIES.LIST>
<ALLLEDGERENTRIES.LIST>
<REMOVEZEROENTRIES>No</REMOVEZEROENTRIES>
<ISDEEMEDPOSITIVE>No</ISDEEMEDPOSITIVE>
<LEDGERFROMITEM>No</LEDGERFROMITEM>
<LEDGERNAME>SGST</LEDGERNAME>
<AMOUNT>81.0000000</AMOUNT>
</ALLLEDGERENTRIES.LIST>
<ALLLEDGERENTRIES.LIST>
<REMOVEZEROENTRIES>No</REMOVEZEROENTRIES>
<ISDEEMEDPOSITIVE>No</ISDEEMEDPOSITIVE>
<LEDGERFROMITEM>No</LEDGERFROMITEM>
<LEDGERNAME>SHORT AND EXCESS</LEDGERNAME>
<AMOUNT>-0.100</AMOUNT>
</ALLLEDGERENTRIES.LIST>
</VOUCHER>
<VOUCHER>
<ISOPTIONAL>No</ISOPTIONAL>
<USEFORGAINLOSS>No</USEFORGAINLOSS>
<USEFORCOMPOUND>No</USEFORCOMPOUND>
<VOUCHERTYPENAME>Sales-Import-CFSM</VOUCHERTYPENAME>
<DATE>20180326</DATE>
<EFFECTIVEDATE>20180326</EFFECTIVEDATE>
<ISCANCELLED>No</ISCANCELLED>
<USETRACKINGNUMBER>No</USETRACKINGNUMBER>
<ISPOSTDATED>No</ISPOSTDATED>
<ISINVOICE>No</ISINVOICE>
<DIFFACTUALQTY>No</DIFFACTUALQTY>
<VOUCHERNUMBER>ALSI016091/17-18</VOUCHERNUMBER>
<PARTYLEDGERNAME>AMCOR FLEXIBLES INDIA PVT LTD</PARTYLEDGERNAME>
<NARRATION>Being amount debited towards IGM No: 2189768, BL NO: HLCUSIN180230270, Importer: AMCOR FLEXIBLES INDIA PRIVATE LTD, VOY NO: 47E, Vessel: MAULLIN, LINER: Hapag OffDocTHC-Hapag LLoyd India Pvt. Ltd. and containers:  1 X 20, Invoice No: ALSI016091/17-18</NARRATION>
<ALLLEDGERENTRIES.LIST>
<REMOVEZEROENTRIES>No</REMOVEZEROENTRIES>
<ISDEEMEDPOSITIVE>Yes</ISDEEMEDPOSITIVE>
<LEDGERFROMITEM>No</LEDGERFROMITEM>
<LEDGERNAME>AMCOR FLEXIBLES INDIA PVT LTD</LEDGERNAME>
<AMOUNT>-16101.000</AMOUNT>
<BILLALLOCATIONS.LIST>
<NAME>ALSI016091/17-18</NAME>
<BILLTYPE>New Ref</BILLTYPE>
<AMOUNT>-16101.000</AMOUNT>
</BILLALLOCATIONS.LIST>
</ALLLEDGERENTRIES.LIST>
<ALLLEDGERENTRIES.LIST>
<REMOVEZEROENTRIES>No</REMOVEZEROENTRIES>
<ISDEEMEDPOSITIVE>No</ISDEEMEDPOSITIVE>
<LEDGERFROMITEM>No</LEDGERFROMITEM>
<LEDGERNAME>Container Handling Services-Import-GST</LEDGERNAME>
<AMOUNT>4365.000</AMOUNT>
</ALLLEDGERENTRIES.LIST>
<ALLLEDGERENTRIES.LIST>
<REMOVEZEROENTRIES>No</REMOVEZEROENTRIES>
<ISDEEMEDPOSITIVE>No</ISDEEMEDPOSITIVE>
<LEDGERFROMITEM>No</LEDGERFROMITEM>
<LEDGERNAME>IGST</LEDGERNAME>
<AMOUNT>785.7000000</AMOUNT>
</ALLLEDGERENTRIES.LIST>
<ALLLEDGERENTRIES.LIST>
<REMOVEZEROENTRIES>No</REMOVEZEROENTRIES>
<ISDEEMEDPOSITIVE>No</ISDEEMEDPOSITIVE>
<LEDGERFROMITEM>No</LEDGERFROMITEM>
<LEDGERNAME>Other Storage and Warehousing Services-Import-GST</LEDGERNAME>
<AMOUNT>6800.000</AMOUNT>
</ALLLEDGERENTRIES.LIST>
<ALLLEDGERENTRIES.LIST>
<REMOVEZEROENTRIES>No</REMOVEZEROENTRIES>
<ISDEEMEDPOSITIVE>No</ISDEEMEDPOSITIVE>
<LEDGERFROMITEM>No</LEDGERFROMITEM>
<LEDGERNAME>IGST</LEDGERNAME>
<AMOUNT>1224.0000000</AMOUNT>
</ALLLEDGERENTRIES.LIST>
<ALLLEDGERENTRIES.LIST>
<REMOVEZEROENTRIES>No</REMOVEZEROENTRIES>
<ISDEEMEDPOSITIVE>No</ISDEEMEDPOSITIVE>
<LEDGERFROMITEM>No</LEDGERFROMITEM>
<LEDGERNAME>Container Handling Services-Import-GST</LEDGERNAME>
<AMOUNT>1100.000</AMOUNT>
</ALLLEDGERENTRIES.LIST>
<ALLLEDGERENTRIES.LIST>
<REMOVEZEROENTRIES>No</REMOVEZEROENTRIES>
<ISDEEMEDPOSITIVE>No</ISDEEMEDPOSITIVE>
<LEDGERFROMITEM>No</LEDGERFROMITEM>
<LEDGERNAME>IGST</LEDGERNAME>
<AMOUNT>198.0000000</AMOUNT>
</ALLLEDGERENTRIES.LIST>
<ALLLEDGERENTRIES.LIST>
<REMOVEZEROENTRIES>No</REMOVEZEROENTRIES>
<ISDEEMEDPOSITIVE>No</ISDEEMEDPOSITIVE>
<LEDGERFROMITEM>No</LEDGERFROMITEM>
<LEDGERNAME>Container Handling Services-Import-GST</LEDGERNAME>
<AMOUNT>50.000</AMOUNT>
</ALLLEDGERENTRIES.LIST>
<ALLLEDGERENTRIES.LIST>
<REMOVEZEROENTRIES>No</REMOVEZEROENTRIES>
<ISDEEMEDPOSITIVE>No</ISDEEMEDPOSITIVE>
<LEDGERFROMITEM>No</LEDGERFROMITEM>
<LEDGERNAME>IGST</LEDGERNAME>
<AMOUNT>9.0000000</AMOUNT>
</ALLLEDGERENTRIES.LIST>
<ALLLEDGERENTRIES.LIST>
<REMOVEZEROENTRIES>No</REMOVEZEROENTRIES>
<ISDEEMEDPOSITIVE>No</ISDEEMEDPOSITIVE>
<LEDGERFROMITEM>No</LEDGERFROMITEM>
<LEDGERNAME>Container Handling Services-Import-GST</LEDGERNAME>
<AMOUNT>30.000</AMOUNT>
</ALLLEDGERENTRIES.LIST>
<ALLLEDGERENTRIES.LIST>
<REMOVEZEROENTRIES>No</REMOVEZEROENTRIES>
<ISDEEMEDPOSITIVE>No</ISDEEMEDPOSITIVE>
<LEDGERFROMITEM>No</LEDGERFROMITEM>
<LEDGERNAME>IGST</LEDGERNAME>
<AMOUNT>5.4000000</AMOUNT>
</ALLLEDGERENTRIES.LIST>
<ALLLEDGERENTRIES.LIST>
<REMOVEZEROENTRIES>No</REMOVEZEROENTRIES>
<ISDEEMEDPOSITIVE>No</ISDEEMEDPOSITIVE>
<LEDGERFROMITEM>No</LEDGERFROMITEM>
<LEDGERNAME>Container Handling Services-Import-GST</LEDGERNAME>
<AMOUNT>400.000</AMOUNT>
</ALLLEDGERENTRIES.LIST>
<ALLLEDGERENTRIES.LIST>
<REMOVEZEROENTRIES>No</REMOVEZEROENTRIES>
<ISDEEMEDPOSITIVE>No</ISDEEMEDPOSITIVE>
<LEDGERFROMITEM>No</LEDGERFROMITEM>
<LEDGERNAME>IGST</LEDGERNAME>
<AMOUNT>72.0000000</AMOUNT>
</ALLLEDGERENTRIES.LIST>
<ALLLEDGERENTRIES.LIST>
<REMOVEZEROENTRIES>No</REMOVEZEROENTRIES>
<ISDEEMEDPOSITIVE>No</ISDEEMEDPOSITIVE>
<LEDGERFROMITEM>No</LEDGERFROMITEM>
<LEDGERNAME>Container Handling Services-Import-GST</LEDGERNAME>
<AMOUNT>900.000</AMOUNT>
</ALLLEDGERENTRIES.LIST>
<ALLLEDGERENTRIES.LIST>
<REMOVEZEROENTRIES>No</REMOVEZEROENTRIES>
<ISDEEMEDPOSITIVE>No</ISDEEMEDPOSITIVE>
<LEDGERFROMITEM>No</LEDGERFROMITEM>
<LEDGERNAME>IGST</LEDGERNAME>
<AMOUNT>162.0000000</AMOUNT>
</ALLLEDGERENTRIES.LIST>
<ALLLEDGERENTRIES.LIST>
<REMOVEZEROENTRIES>No</REMOVEZEROENTRIES>
<ISDEEMEDPOSITIVE>No</ISDEEMEDPOSITIVE>
<LEDGERFROMITEM>No</LEDGERFROMITEM>
<LEDGERNAME>SHORT AND EXCESS</LEDGERNAME>
<AMOUNT>-0.100</AMOUNT>
</ALLLEDGERENTRIES.LIST>
</VOUCHER>
<VOUCHER>
<ISOPTIONAL>No</ISOPTIONAL>
<USEFORGAINLOSS>No</USEFORGAINLOSS>
<USEFORCOMPOUND>No</USEFORCOMPOUND>
<VOUCHERTYPENAME>Sales-Import-CFSM</VOUCHERTYPENAME>
<DATE>20180326</DATE>
<EFFECTIVEDATE>20180326</EFFECTIVEDATE>
<ISCANCELLED>No</ISCANCELLED>
<USETRACKINGNUMBER>No</USETRACKINGNUMBER>
<ISPOSTDATED>No</ISPOSTDATED>
<ISINVOICE>No</ISINVOICE>
<DIFFACTUALQTY>No</DIFFACTUALQTY>
<VOUCHERNUMBER>ALSI016092/17-18</VOUCHERNUMBER>
<PARTYLEDGERNAME>AMNEAL PHARMACEUTICALS PRIVATE LIMITED</PARTYLEDGERNAME>
<NARRATION>Being amount debited towards IGM No: 2190358, BL NO: HDMUQSAY7339223, Importer: AMNEAL PHARMACEUTICALS PRIVATE, VOY NO: 103W, Vessel: ENSENADA, LINER: Hyundai Merchant Marine India Private Limited and containers:  1 X 20, Invoice No: ALSI016092/17-18</NARRATION>
<ALLLEDGERENTRIES.LIST>
<REMOVEZEROENTRIES>No</REMOVEZEROENTRIES>
<ISDEEMEDPOSITIVE>Yes</ISDEEMEDPOSITIVE>
<LEDGERFROMITEM>No</LEDGERFROMITEM>
<LEDGERNAME>AMNEAL PHARMACEUTICALS PRIVATE LIMITED</LEDGERNAME>
<AMOUNT>-12089.000</AMOUNT>
<BILLALLOCATIONS.LIST>
<NAME>ALSI016092/17-18</NAME>
<BILLTYPE>New Ref</BILLTYPE>
<AMOUNT>-12089.000</AMOUNT>
</BILLALLOCATIONS.LIST>
</ALLLEDGERENTRIES.LIST>
<ALLLEDGERENTRIES.LIST>
<REMOVEZEROENTRIES>No</REMOVEZEROENTRIES>
<ISDEEMEDPOSITIVE>No</ISDEEMEDPOSITIVE>
<LEDGERFROMITEM>No</LEDGERFROMITEM>
<LEDGERNAME>Container Handling Services-Import-GST</LEDGERNAME>
<AMOUNT>5865.000</AMOUNT>
</ALLLEDGERENTRIES.LIST>
<ALLLEDGERENTRIES.LIST>
<REMOVEZEROENTRIES>No</REMOVEZEROENTRIES>
<ISDEEMEDPOSITIVE>No</ISDEEMEDPOSITIVE>
<LEDGERFROMITEM>No</LEDGERFROMITEM>
<LEDGERNAME>IGST</LEDGERNAME>
<AMOUNT>1055.7000000</AMOUNT>
</ALLLEDGERENTRIES.LIST>
<ALLLEDGERENTRIES.LIST>
<REMOVEZEROENTRIES>No</REMOVEZEROENTRIES>
<ISDEEMEDPOSITIVE>No</ISDEEMEDPOSITIVE>
<LEDGERFROMITEM>No</LEDGERFROMITEM>
<LEDGERNAME>Other Storage and Warehousing Services-Import-GST</LEDGERNAME>
<AMOUNT>1900.000</AMOUNT>
</ALLLEDGERENTRIES.LIST>
<ALLLEDGERENTRIES.LIST>
<REMOVEZEROENTRIES>No</REMOVEZEROENTRIES>
<ISDEEMEDPOSITIVE>No</ISDEEMEDPOSITIVE>
<LEDGERFROMITEM>No</LEDGERFROMITEM>
<LEDGERNAME>IGST</LEDGERNAME>
<AMOUNT>342.0000000</AMOUNT>
</ALLLEDGERENTRIES.LIST>
<ALLLEDGERENTRIES.LIST>
<REMOVEZEROENTRIES>No</REMOVEZEROENTRIES>
<ISDEEMEDPOSITIVE>No</ISDEEMEDPOSITIVE>
<LEDGERFROMITEM>No</LEDGERFROMITEM>
<LEDGERNAME>Container Handling Services-Import-GST</LEDGERNAME>
<AMOUNT>1100.000</AMOUNT>
</ALLLEDGERENTRIES.LIST>
<ALLLEDGERENTRIES.LIST>
<REMOVEZEROENTRIES>No</REMOVEZEROENTRIES>
<ISDEEMEDPOSITIVE>No</ISDEEMEDPOSITIVE>
<LEDGERFROMITEM>No</LEDGERFROMITEM>
<LEDGERNAME>IGST</LEDGERNAME>
<AMOUNT>198.0000000</AMOUNT>
</ALLLEDGERENTRIES.LIST>
<ALLLEDGERENTRIES.LIST>
<REMOVEZEROENTRIES>No</REMOVEZEROENTRIES>
<ISDEEMEDPOSITIVE>No</ISDEEMEDPOSITIVE>
<LEDGERFROMITEM>No</LEDGERFROMITEM>
<LEDGERNAME>Container Handling Services-Import-GST</LEDGERNAME>
<AMOUNT>50.000</AMOUNT>
</ALLLEDGERENTRIES.LIST>
<ALLLEDGERENTRIES.LIST>
<REMOVEZEROENTRIES>No</REMOVEZEROENTRIES>
<ISDEEMEDPOSITIVE>No</ISDEEMEDPOSITIVE>
<LEDGERFROMITEM>No</LEDGERFROMITEM>
<LEDGERNAME>IGST</LEDGERNAME>
<AMOUNT>9.0000000</AMOUNT>
</ALLLEDGERENTRIES.LIST>
<ALLLEDGERENTRIES.LIST>
<REMOVEZEROENTRIES>No</REMOVEZEROENTRIES>
<ISDEEMEDPOSITIVE>No</ISDEEMEDPOSITIVE>
<LEDGERFROMITEM>No</LEDGERFROMITEM>
<LEDGERNAME>Container Handling Services-Import-GST</LEDGERNAME>
<AMOUNT>30.000</AMOUNT>
</ALLLEDGERENTRIES.LIST>
<ALLLEDGERENTRIES.LIST>
<REMOVEZEROENTRIES>No</REMOVEZEROENTRIES>
<ISDEEMEDPOSITIVE>No</ISDEEMEDPOSITIVE>
<LEDGERFROMITEM>No</LEDGERFROMITEM>
<LEDGERNAME>IGST</LEDGERNAME>
<AMOUNT>5.4000000</AMOUNT>
</ALLLEDGERENTRIES.LIST>
<ALLLEDGERENTRIES.LIST>
<REMOVEZEROENTRIES>No</REMOVEZEROENTRIES>
<ISDEEMEDPOSITIVE>No</ISDEEMEDPOSITIVE>
<LEDGERFROMITEM>No</LEDGERFROMITEM>
<LEDGERNAME>Container Handling Services-Import-GST</LEDGERNAME>
<AMOUNT>400.000</AMOUNT>
</ALLLEDGERENTRIES.LIST>
<ALLLEDGERENTRIES.LIST>
<REMOVEZEROENTRIES>No</REMOVEZEROENTRIES>
<ISDEEMEDPOSITIVE>No</ISDEEMEDPOSITIVE>
<LEDGERFROMITEM>No</LEDGERFROMITEM>
<LEDGERNAME>IGST</LEDGERNAME>
<AMOUNT>72.0000000</AMOUNT>
</ALLLEDGERENTRIES.LIST>
<ALLLEDGERENTRIES.LIST>
<REMOVEZEROENTRIES>No</REMOVEZEROENTRIES>
<ISDEEMEDPOSITIVE>No</ISDEEMEDPOSITIVE>
<LEDGERFROMITEM>No</LEDGERFROMITEM>
<LEDGERNAME>Container Handling Services-Import-GST</LEDGERNAME>
<AMOUNT>900.000</AMOUNT>
</ALLLEDGERENTRIES.LIST>
<ALLLEDGERENTRIES.LIST>
<REMOVEZEROENTRIES>No</REMOVEZEROENTRIES>
<ISDEEMEDPOSITIVE>No</ISDEEMEDPOSITIVE>
<LEDGERFROMITEM>No</LEDGERFROMITEM>
<LEDGERNAME>IGST</LEDGERNAME>
<AMOUNT>162.0000000</AMOUNT>
</ALLLEDGERENTRIES.LIST>
<ALLLEDGERENTRIES.LIST>
<REMOVEZEROENTRIES>No</REMOVEZEROENTRIES>
<ISDEEMEDPOSITIVE>No</ISDEEMEDPOSITIVE>
<LEDGERFROMITEM>No</LEDGERFROMITEM>
<LEDGERNAME>SHORT AND EXCESS</LEDGERNAME>
<AMOUNT>-0.100</AMOUNT>
</ALLLEDGERENTRIES.LIST>
</VOUCHER>
<VOUCHER>
<ISOPTIONAL>No</ISOPTIONAL>
<USEFORGAINLOSS>No</USEFORGAINLOSS>
<USEFORCOMPOUND>No</USEFORCOMPOUND>
<VOUCHERTYPENAME>Sales-Import-CFSM</VOUCHERTYPENAME>
<DATE>20180326</DATE>
<EFFECTIVEDATE>20180326</EFFECTIVEDATE>
<ISCANCELLED>No</ISCANCELLED>
<USETRACKINGNUMBER>No</USETRACKINGNUMBER>
<ISPOSTDATED>No</ISPOSTDATED>
<ISINVOICE>No</ISINVOICE>
<DIFFACTUALQTY>No</DIFFACTUALQTY>
<VOUCHERNUMBER>ALSI016093/17-18</VOUCHERNUMBER>
<PARTYLEDGERNAME>DHL Logistics India Pvt. Ltd.</PARTYLEDGERNAME>
<NARRATION>Being amount debited towards IGM No: 2189768, BL NO: HLCUKUL180305460, Importer: VOLKSWAGEN INDIA PRIVATE LTD, VOY NO: 47E, Vessel: MAULLIN, LINER: Hapag OffDocTHC-Hapag LLoyd India Pvt. Ltd. and containers:  1 X 20, Invoice No: ALSI016093/17-18</NARRATION>
<ALLLEDGERENTRIES.LIST>
<REMOVEZEROENTRIES>No</REMOVEZEROENTRIES>
<ISDEEMEDPOSITIVE>Yes</ISDEEMEDPOSITIVE>
<LEDGERFROMITEM>No</LEDGERFROMITEM>
<LEDGERNAME>DHL Logistics India Pvt. Ltd.</LEDGERNAME>
<AMOUNT>-1.000</AMOUNT>
<BILLALLOCATIONS.LIST>
<NAME>ALSI016093/17-18</NAME>
<BILLTYPE>New Ref</BILLTYPE>
<AMOUNT>-1.000</AMOUNT>
</BILLALLOCATIONS.LIST>
</ALLLEDGERENTRIES.LIST>
<ALLLEDGERENTRIES.LIST>
<REMOVEZEROENTRIES>No</REMOVEZEROENTRIES>
<ISDEEMEDPOSITIVE>No</ISDEEMEDPOSITIVE>
<LEDGERFROMITEM>No</LEDGERFROMITEM>
<LEDGERNAME>Container Handling Services-Import-GST</LEDGERNAME>
<AMOUNT>0.000</AMOUNT>
</ALLLEDGERENTRIES.LIST>
<ALLLEDGERENTRIES.LIST>
<REMOVEZEROENTRIES>No</REMOVEZEROENTRIES>
<ISDEEMEDPOSITIVE>No</ISDEEMEDPOSITIVE>
<LEDGERFROMITEM>No</LEDGERFROMITEM>
<LEDGERNAME>CGST</LEDGERNAME>
<AMOUNT>0.0000000</AMOUNT>
</ALLLEDGERENTRIES.LIST>
<ALLLEDGERENTRIES.LIST>
<REMOVEZEROENTRIES>No</REMOVEZEROENTRIES>
<ISDEEMEDPOSITIVE>No</ISDEEMEDPOSITIVE>
<LEDGERFROMITEM>No</LEDGERFROMITEM>
<LEDGERNAME>SGST</LEDGERNAME>
<AMOUNT>0.0000000</AMOUNT>
</ALLLEDGERENTRIES.LIST>
<ALLLEDGERENTRIES.LIST>
<REMOVEZEROENTRIES>No</REMOVEZEROENTRIES>
<ISDEEMEDPOSITIVE>No</ISDEEMEDPOSITIVE>
<LEDGERFROMITEM>No</LEDGERFROMITEM>
<LEDGERNAME>Container Handling Services-Import-GST</LEDGERNAME>
<AMOUNT>0.000</AMOUNT>
</ALLLEDGERENTRIES.LIST>
<ALLLEDGERENTRIES.LIST>
<REMOVEZEROENTRIES>No</REMOVEZEROENTRIES>
<ISDEEMEDPOSITIVE>No</ISDEEMEDPOSITIVE>
<LEDGERFROMITEM>No</LEDGERFROMITEM>
<LEDGERNAME>CGST</LEDGERNAME>
<AMOUNT>0.0000000</AMOUNT>
</ALLLEDGERENTRIES.LIST>
<ALLLEDGERENTRIES.LIST>
<REMOVEZEROENTRIES>No</REMOVEZEROENTRIES>
<ISDEEMEDPOSITIVE>No</ISDEEMEDPOSITIVE>
<LEDGERFROMITEM>No</LEDGERFROMITEM>
<LEDGERNAME>SGST</LEDGERNAME>
<AMOUNT>0.0000000</AMOUNT>
</ALLLEDGERENTRIES.LIST>
<ALLLEDGERENTRIES.LIST>
<REMOVEZEROENTRIES>No</REMOVEZEROENTRIES>
<ISDEEMEDPOSITIVE>No</ISDEEMEDPOSITIVE>
<LEDGERFROMITEM>No</LEDGERFROMITEM>
<LEDGERNAME>Other Storage and Warehousing Services-Import-GST</LEDGERNAME>
<AMOUNT>0.000</AMOUNT>
</ALLLEDGERENTRIES.LIST>
<ALLLEDGERENTRIES.LIST>
<REMOVEZEROENTRIES>No</REMOVEZEROENTRIES>
<ISDEEMEDPOSITIVE>No</ISDEEMEDPOSITIVE>
<LEDGERFROMITEM>No</LEDGERFROMITEM>
<LEDGERNAME>CGST</LEDGERNAME>
<AMOUNT>0.0000000</AMOUNT>
</ALLLEDGERENTRIES.LIST>
<ALLLEDGERENTRIES.LIST>
<REMOVEZEROENTRIES>No</REMOVEZEROENTRIES>
<ISDEEMEDPOSITIVE>No</ISDEEMEDPOSITIVE>
<LEDGERFROMITEM>No</LEDGERFROMITEM>
<LEDGERNAME>SGST</LEDGERNAME>
<AMOUNT>0.0000000</AMOUNT>
</ALLLEDGERENTRIES.LIST>
<ALLLEDGERENTRIES.LIST>
<REMOVEZEROENTRIES>No</REMOVEZEROENTRIES>
<ISDEEMEDPOSITIVE>No</ISDEEMEDPOSITIVE>
<LEDGERFROMITEM>No</LEDGERFROMITEM>
<LEDGERNAME>Container Handling Services-Import-GST</LEDGERNAME>
<AMOUNT>0.000</AMOUNT>
</ALLLEDGERENTRIES.LIST>
<ALLLEDGERENTRIES.LIST>
<REMOVEZEROENTRIES>No</REMOVEZEROENTRIES>
<ISDEEMEDPOSITIVE>No</ISDEEMEDPOSITIVE>
<LEDGERFROMITEM>No</LEDGERFROMITEM>
<LEDGERNAME>CGST</LEDGERNAME>
<AMOUNT>0.0000000</AMOUNT>
</ALLLEDGERENTRIES.LIST>
<ALLLEDGERENTRIES.LIST>
<REMOVEZEROENTRIES>No</REMOVEZEROENTRIES>
<ISDEEMEDPOSITIVE>No</ISDEEMEDPOSITIVE>
<LEDGERFROMITEM>No</LEDGERFROMITEM>
<LEDGERNAME>SGST</LEDGERNAME>
<AMOUNT>0.0000000</AMOUNT>
</ALLLEDGERENTRIES.LIST>
<ALLLEDGERENTRIES.LIST>
<REMOVEZEROENTRIES>No</REMOVEZEROENTRIES>
<ISDEEMEDPOSITIVE>No</ISDEEMEDPOSITIVE>
<LEDGERFROMITEM>No</LEDGERFROMITEM>
<LEDGERNAME>Container Handling Services-Import-GST</LEDGERNAME>
<AMOUNT>0.000</AMOUNT>
</ALLLEDGERENTRIES.LIST>
<ALLLEDGERENTRIES.LIST>
<REMOVEZEROENTRIES>No</REMOVEZEROENTRIES>
<ISDEEMEDPOSITIVE>No</ISDEEMEDPOSITIVE>
<LEDGERFROMITEM>No</LEDGERFROMITEM>
<LEDGERNAME>CGST</LEDGERNAME>
<AMOUNT>0.0000000</AMOUNT>
</ALLLEDGERENTRIES.LIST>
<ALLLEDGERENTRIES.LIST>
<REMOVEZEROENTRIES>No</REMOVEZEROENTRIES>
<ISDEEMEDPOSITIVE>No</ISDEEMEDPOSITIVE>
<LEDGERFROMITEM>No</LEDGERFROMITEM>
<LEDGERNAME>SGST</LEDGERNAME>
<AMOUNT>0.0000000</AMOUNT>
</ALLLEDGERENTRIES.LIST>
<ALLLEDGERENTRIES.LIST>
<REMOVEZEROENTRIES>No</REMOVEZEROENTRIES>
<ISDEEMEDPOSITIVE>No</ISDEEMEDPOSITIVE>
<LEDGERFROMITEM>No</LEDGERFROMITEM>
<LEDGERNAME>Container Handling Services-Import-GST</LEDGERNAME>
<AMOUNT>0.000</AMOUNT>
</ALLLEDGERENTRIES.LIST>
<ALLLEDGERENTRIES.LIST>
<REMOVEZEROENTRIES>No</REMOVEZEROENTRIES>
<ISDEEMEDPOSITIVE>No</ISDEEMEDPOSITIVE>
<LEDGERFROMITEM>No</LEDGERFROMITEM>
<LEDGERNAME>CGST</LEDGERNAME>
<AMOUNT>0.0000000</AMOUNT>
</ALLLEDGERENTRIES.LIST>
<ALLLEDGERENTRIES.LIST>
<REMOVEZEROENTRIES>No</REMOVEZEROENTRIES>
<ISDEEMEDPOSITIVE>No</ISDEEMEDPOSITIVE>
<LEDGERFROMITEM>No</LEDGERFROMITEM>
<LEDGERNAME>SGST</LEDGERNAME>
<AMOUNT>0.0000000</AMOUNT>
</ALLLEDGERENTRIES.LIST>
<ALLLEDGERENTRIES.LIST>
<REMOVEZEROENTRIES>No</REMOVEZEROENTRIES>
<ISDEEMEDPOSITIVE>No</ISDEEMEDPOSITIVE>
<LEDGERFROMITEM>No</LEDGERFROMITEM>
<LEDGERNAME>Container Handling Services-Import-GST</LEDGERNAME>
<AMOUNT>1.000</AMOUNT>
</ALLLEDGERENTRIES.LIST>
<ALLLEDGERENTRIES.LIST>
<REMOVEZEROENTRIES>No</REMOVEZEROENTRIES>
<ISDEEMEDPOSITIVE>No</ISDEEMEDPOSITIVE>
<LEDGERFROMITEM>No</LEDGERFROMITEM>
<LEDGERNAME>CGST</LEDGERNAME>
<AMOUNT>0.0900000</AMOUNT>
</ALLLEDGERENTRIES.LIST>
<ALLLEDGERENTRIES.LIST>
<REMOVEZEROENTRIES>No</REMOVEZEROENTRIES>
<ISDEEMEDPOSITIVE>No</ISDEEMEDPOSITIVE>
<LEDGERFROMITEM>No</LEDGERFROMITEM>
<LEDGERNAME>SGST</LEDGERNAME>
<AMOUNT>0.0900000</AMOUNT>
</ALLLEDGERENTRIES.LIST>
<ALLLEDGERENTRIES.LIST>
<REMOVEZEROENTRIES>No</REMOVEZEROENTRIES>
<ISDEEMEDPOSITIVE>No</ISDEEMEDPOSITIVE>
<LEDGERFROMITEM>No</LEDGERFROMITEM>
<LEDGERNAME>Container Handling Services-Import-GST</LEDGERNAME>
<AMOUNT>0.000</AMOUNT>
</ALLLEDGERENTRIES.LIST>
<ALLLEDGERENTRIES.LIST>
<REMOVEZEROENTRIES>No</REMOVEZEROENTRIES>
<ISDEEMEDPOSITIVE>No</ISDEEMEDPOSITIVE>
<LEDGERFROMITEM>No</LEDGERFROMITEM>
<LEDGERNAME>CGST</LEDGERNAME>
<AMOUNT>0.0000000</AMOUNT>
</ALLLEDGERENTRIES.LIST>
<ALLLEDGERENTRIES.LIST>
<REMOVEZEROENTRIES>No</REMOVEZEROENTRIES>
<ISDEEMEDPOSITIVE>No</ISDEEMEDPOSITIVE>
<LEDGERFROMITEM>No</LEDGERFROMITEM>
<LEDGERNAME>SGST</LEDGERNAME>
<AMOUNT>0.0000000</AMOUNT>
</ALLLEDGERENTRIES.LIST>
<ALLLEDGERENTRIES.LIST>
<REMOVEZEROENTRIES>No</REMOVEZEROENTRIES>
<ISDEEMEDPOSITIVE>No</ISDEEMEDPOSITIVE>
<LEDGERFROMITEM>No</LEDGERFROMITEM>
<LEDGERNAME>SHORT AND EXCESS</LEDGERNAME>
<AMOUNT>-0.180</AMOUNT>
</ALLLEDGERENTRIES.LIST>
</VOUCHER>
<VOUCHER>
<ISOPTIONAL>No</ISOPTIONAL>
<USEFORGAINLOSS>No</USEFORGAINLOSS>
<USEFORCOMPOUND>No</USEFORCOMPOUND>
<VOUCHERTYPENAME>Sales-Import-CFSM</VOUCHERTYPENAME>
<DATE>20180326</DATE>
<EFFECTIVEDATE>20180326</EFFECTIVEDATE>
<ISCANCELLED>No</ISCANCELLED>
<USETRACKINGNUMBER>No</USETRACKINGNUMBER>
<ISPOSTDATED>No</ISPOSTDATED>
<ISINVOICE>No</ISINVOICE>
<DIFFACTUALQTY>No</DIFFACTUALQTY>
<VOUCHERNUMBER>ALSI016094/17-18</VOUCHERNUMBER>
<PARTYLEDGERNAME>PATEL FIBRES</PARTYLEDGERNAME>
<NARRATION>Being amount debited towards IGM No: 2190288, BL NO: COAU7020912890, Importer: PATEL FIBRES, VOY NO: 151, Vessel: JPO TAURUS, LINER: COSCO INDIA SHIPPING PVT LTD and containers:  3 X 40, Invoice No: ALSI016094/17-18</NARRATION>
<ALLLEDGERENTRIES.LIST>
<REMOVEZEROENTRIES>No</REMOVEZEROENTRIES>
<ISDEEMEDPOSITIVE>Yes</ISDEEMEDPOSITIVE>
<LEDGERFROMITEM>No</LEDGERFROMITEM>
<LEDGERNAME>PATEL FIBRES</LEDGERNAME>
<AMOUNT>-94022.000</AMOUNT>
<BILLALLOCATIONS.LIST>
<NAME>ALSI016094/17-18</NAME>
<BILLTYPE>New Ref</BILLTYPE>
<AMOUNT>-94022.000</AMOUNT>
</BILLALLOCATIONS.LIST>
</ALLLEDGERENTRIES.LIST>
<ALLLEDGERENTRIES.LIST>
<REMOVEZEROENTRIES>No</REMOVEZEROENTRIES>
<ISDEEMEDPOSITIVE>No</ISDEEMEDPOSITIVE>
<LEDGERFROMITEM>No</LEDGERFROMITEM>
<LEDGERNAME>Container Handling Services-Import-GST</LEDGERNAME>
<AMOUNT>49740.000</AMOUNT>
</ALLLEDGERENTRIES.LIST>
<ALLLEDGERENTRIES.LIST>
<REMOVEZEROENTRIES>No</REMOVEZEROENTRIES>
<ISDEEMEDPOSITIVE>No</ISDEEMEDPOSITIVE>
<LEDGERFROMITEM>No</LEDGERFROMITEM>
<LEDGERNAME>IGST</LEDGERNAME>
<AMOUNT>8953.2000000</AMOUNT>
</ALLLEDGERENTRIES.LIST>
<ALLLEDGERENTRIES.LIST>
<REMOVEZEROENTRIES>No</REMOVEZEROENTRIES>
<ISDEEMEDPOSITIVE>No</ISDEEMEDPOSITIVE>
<LEDGERFROMITEM>No</LEDGERFROMITEM>
<LEDGERNAME>Container Handling Services-Import-GST</LEDGERNAME>
<AMOUNT>2000.000</AMOUNT>
</ALLLEDGERENTRIES.LIST>
<ALLLEDGERENTRIES.LIST>
<REMOVEZEROENTRIES>No</REMOVEZEROENTRIES>
<ISDEEMEDPOSITIVE>No</ISDEEMEDPOSITIVE>
<LEDGERFROMITEM>No</LEDGERFROMITEM>
<LEDGERNAME>IGST</LEDGERNAME>
<AMOUNT>360.0000000</AMOUNT>
</ALLLEDGERENTRIES.LIST>
<ALLLEDGERENTRIES.LIST>
<REMOVEZEROENTRIES>No</REMOVEZEROENTRIES>
<ISDEEMEDPOSITIVE>No</ISDEEMEDPOSITIVE>
<LEDGERFROMITEM>No</LEDGERFROMITEM>
<LEDGERNAME>Other Storage and Warehousing Services-Import-GST</LEDGERNAME>
<AMOUNT>10300.000</AMOUNT>
</ALLLEDGERENTRIES.LIST>
<ALLLEDGERENTRIES.LIST>
<REMOVEZEROENTRIES>No</REMOVEZEROENTRIES>
<ISDEEMEDPOSITIVE>No</ISDEEMEDPOSITIVE>
<LEDGERFROMITEM>No</LEDGERFROMITEM>
<LEDGERNAME>IGST</LEDGERNAME>
<AMOUNT>1854.0000000</AMOUNT>
</ALLLEDGERENTRIES.LIST>
<ALLLEDGERENTRIES.LIST>
<REMOVEZEROENTRIES>No</REMOVEZEROENTRIES>
<ISDEEMEDPOSITIVE>No</ISDEEMEDPOSITIVE>
<LEDGERFROMITEM>No</LEDGERFROMITEM>
<LEDGERNAME>Container Handling Services-Import-GST</LEDGERNAME>
<AMOUNT>6600.000</AMOUNT>
</ALLLEDGERENTRIES.LIST>
<ALLLEDGERENTRIES.LIST>
<REMOVEZEROENTRIES>No</REMOVEZEROENTRIES>
<ISDEEMEDPOSITIVE>No</ISDEEMEDPOSITIVE>
<LEDGERFROMITEM>No</LEDGERFROMITEM>
<LEDGERNAME>IGST</LEDGERNAME>
<AMOUNT>1188.0000000</AMOUNT>
</ALLLEDGERENTRIES.LIST>
<ALLLEDGERENTRIES.LIST>
<REMOVEZEROENTRIES>No</REMOVEZEROENTRIES>
<ISDEEMEDPOSITIVE>No</ISDEEMEDPOSITIVE>
<LEDGERFROMITEM>No</LEDGERFROMITEM>
<LEDGERNAME>Container Handling Services-Import-GST</LEDGERNAME>
<AMOUNT>150.000</AMOUNT>
</ALLLEDGERENTRIES.LIST>
<ALLLEDGERENTRIES.LIST>
<REMOVEZEROENTRIES>No</REMOVEZEROENTRIES>
<ISDEEMEDPOSITIVE>No</ISDEEMEDPOSITIVE>
<LEDGERFROMITEM>No</LEDGERFROMITEM>
<LEDGERNAME>IGST</LEDGERNAME>
<AMOUNT>27.0000000</AMOUNT>
</ALLLEDGERENTRIES.LIST>
<ALLLEDGERENTRIES.LIST>
<REMOVEZEROENTRIES>No</REMOVEZEROENTRIES>
<ISDEEMEDPOSITIVE>No</ISDEEMEDPOSITIVE>
<LEDGERFROMITEM>No</LEDGERFROMITEM>
<LEDGERNAME>Container Handling Services-Import-GST</LEDGERNAME>
<AMOUNT>5000.000</AMOUNT>
</ALLLEDGERENTRIES.LIST>
<ALLLEDGERENTRIES.LIST>
<REMOVEZEROENTRIES>No</REMOVEZEROENTRIES>
<ISDEEMEDPOSITIVE>No</ISDEEMEDPOSITIVE>
<LEDGERFROMITEM>No</LEDGERFROMITEM>
<LEDGERNAME>IGST</LEDGERNAME>
<AMOUNT>900.0000000</AMOUNT>
</ALLLEDGERENTRIES.LIST>
<ALLLEDGERENTRIES.LIST>
<REMOVEZEROENTRIES>No</REMOVEZEROENTRIES>
<ISDEEMEDPOSITIVE>No</ISDEEMEDPOSITIVE>
<LEDGERFROMITEM>No</LEDGERFROMITEM>
<LEDGERNAME>Container Handling Services-Import-GST</LEDGERNAME>
<AMOUNT>90.000</AMOUNT>
</ALLLEDGERENTRIES.LIST>
<ALLLEDGERENTRIES.LIST>
<REMOVEZEROENTRIES>No</REMOVEZEROENTRIES>
<ISDEEMEDPOSITIVE>No</ISDEEMEDPOSITIVE>
<LEDGERFROMITEM>No</LEDGERFROMITEM>
<LEDGERNAME>IGST</LEDGERNAME>
<AMOUNT>16.2000000</AMOUNT>
</ALLLEDGERENTRIES.LIST>
<ALLLEDGERENTRIES.LIST>
<REMOVEZEROENTRIES>No</REMOVEZEROENTRIES>
<ISDEEMEDPOSITIVE>No</ISDEEMEDPOSITIVE>
<LEDGERFROMITEM>No</LEDGERFROMITEM>
<LEDGERNAME>Container Handling Services-Import-GST</LEDGERNAME>
<AMOUNT>400.000</AMOUNT>
</ALLLEDGERENTRIES.LIST>
<ALLLEDGERENTRIES.LIST>
<REMOVEZEROENTRIES>No</REMOVEZEROENTRIES>
<ISDEEMEDPOSITIVE>No</ISDEEMEDPOSITIVE>
<LEDGERFROMITEM>No</LEDGERFROMITEM>
<LEDGERNAME>IGST</LEDGERNAME>
<AMOUNT>72.0000000</AMOUNT>
</ALLLEDGERENTRIES.LIST>
<ALLLEDGERENTRIES.LIST>
<REMOVEZEROENTRIES>No</REMOVEZEROENTRIES>
<ISDEEMEDPOSITIVE>No</ISDEEMEDPOSITIVE>
<LEDGERFROMITEM>No</LEDGERFROMITEM>
<LEDGERNAME>Container Handling Services-Import-GST</LEDGERNAME>
<AMOUNT>5400.000</AMOUNT>
</ALLLEDGERENTRIES.LIST>
<ALLLEDGERENTRIES.LIST>
<REMOVEZEROENTRIES>No</REMOVEZEROENTRIES>
<ISDEEMEDPOSITIVE>No</ISDEEMEDPOSITIVE>
<LEDGERFROMITEM>No</LEDGERFROMITEM>
<LEDGERNAME>IGST</LEDGERNAME>
<AMOUNT>972.0000000</AMOUNT>
</ALLLEDGERENTRIES.LIST>
<ALLLEDGERENTRIES.LIST>
<REMOVEZEROENTRIES>No</REMOVEZEROENTRIES>
<ISDEEMEDPOSITIVE>No</ISDEEMEDPOSITIVE>
<LEDGERFROMITEM>No</LEDGERFROMITEM>
<LEDGERNAME>SHORT AND EXCESS</LEDGERNAME>
<AMOUNT>-0.400</AMOUNT>
</ALLLEDGERENTRIES.LIST>
</VOUCHER>
<VOUCHER>
<ISOPTIONAL>No</ISOPTIONAL>
<USEFORGAINLOSS>No</USEFORGAINLOSS>
<USEFORCOMPOUND>No</USEFORCOMPOUND>
<VOUCHERTYPENAME>Sales-Import-CFSM</VOUCHERTYPENAME>
<DATE>20180326</DATE>
<EFFECTIVEDATE>20180326</EFFECTIVEDATE>
<ISCANCELLED>No</ISCANCELLED>
<USETRACKINGNUMBER>No</USETRACKINGNUMBER>
<ISPOSTDATED>No</ISPOSTDATED>
<ISINVOICE>No</ISINVOICE>
<DIFFACTUALQTY>No</DIFFACTUALQTY>
<VOUCHERNUMBER>ALSI016095/17-18</VOUCHERNUMBER>
<PARTYLEDGERNAME>SURANA WOOLLENS TEXTILES</PARTYLEDGERNAME>
<NARRATION>Being amount debited towards IGM No: 2190514, BL NO: OOLU4044964610, Importer: SURANA WOOLLEN TEXTILES, VOY NO: 1804, Vessel: MAERSK TAURUS, LINER: OOCLOFFDOCTHC-OOCL Line and containers:  1 X 20, Invoice No: ALSI016095/17-18</NARRATION>
<ALLLEDGERENTRIES.LIST>
<REMOVEZEROENTRIES>No</REMOVEZEROENTRIES>
<ISDEEMEDPOSITIVE>Yes</ISDEEMEDPOSITIVE>
<LEDGERFROMITEM>No</LEDGERFROMITEM>
<LEDGERNAME>SURANA WOOLLENS TEXTILES</LEDGERNAME>
<AMOUNT>-14497.000</AMOUNT>
<BILLALLOCATIONS.LIST>
<NAME>ALSI016095/17-18</NAME>
<BILLTYPE>New Ref</BILLTYPE>
<AMOUNT>-14497.000</AMOUNT>
</BILLALLOCATIONS.LIST>
</ALLLEDGERENTRIES.LIST>
<ALLLEDGERENTRIES.LIST>
<REMOVEZEROENTRIES>No</REMOVEZEROENTRIES>
<ISDEEMEDPOSITIVE>No</ISDEEMEDPOSITIVE>
<LEDGERFROMITEM>No</LEDGERFROMITEM>
<LEDGERNAME>Container Handling Services-Import-GST</LEDGERNAME>
<AMOUNT>7215.000</AMOUNT>
</ALLLEDGERENTRIES.LIST>
<ALLLEDGERENTRIES.LIST>
<REMOVEZEROENTRIES>No</REMOVEZEROENTRIES>
<ISDEEMEDPOSITIVE>No</ISDEEMEDPOSITIVE>
<LEDGERFROMITEM>No</LEDGERFROMITEM>
<LEDGERNAME>IGST</LEDGERNAME>
<AMOUNT>1298.7000000</AMOUNT>
</ALLLEDGERENTRIES.LIST>
<ALLLEDGERENTRIES.LIST>
<REMOVEZEROENTRIES>No</REMOVEZEROENTRIES>
<ISDEEMEDPOSITIVE>No</ISDEEMEDPOSITIVE>
<LEDGERFROMITEM>No</LEDGERFROMITEM>
<LEDGERNAME>Other Storage and Warehousing Services-Import-GST</LEDGERNAME>
<AMOUNT>900.000</AMOUNT>
</ALLLEDGERENTRIES.LIST>
<ALLLEDGERENTRIES.LIST>
<REMOVEZEROENTRIES>No</REMOVEZEROENTRIES>
<ISDEEMEDPOSITIVE>No</ISDEEMEDPOSITIVE>
<LEDGERFROMITEM>No</LEDGERFROMITEM>
<LEDGERNAME>IGST</LEDGERNAME>
<AMOUNT>162.0000000</AMOUNT>
</ALLLEDGERENTRIES.LIST>
<ALLLEDGERENTRIES.LIST>
<REMOVEZEROENTRIES>No</REMOVEZEROENTRIES>
<ISDEEMEDPOSITIVE>No</ISDEEMEDPOSITIVE>
<LEDGERFROMITEM>No</LEDGERFROMITEM>
<LEDGERNAME>Container Handling Services-Import-GST</LEDGERNAME>
<AMOUNT>1720.800</AMOUNT>
</ALLLEDGERENTRIES.LIST>
<ALLLEDGERENTRIES.LIST>
<REMOVEZEROENTRIES>No</REMOVEZEROENTRIES>
<ISDEEMEDPOSITIVE>No</ISDEEMEDPOSITIVE>
<LEDGERFROMITEM>No</LEDGERFROMITEM>
<LEDGERNAME>IGST</LEDGERNAME>
<AMOUNT>309.7400000</AMOUNT>
</ALLLEDGERENTRIES.LIST>
<ALLLEDGERENTRIES.LIST>
<REMOVEZEROENTRIES>No</REMOVEZEROENTRIES>
<ISDEEMEDPOSITIVE>No</ISDEEMEDPOSITIVE>
<LEDGERFROMITEM>No</LEDGERFROMITEM>
<LEDGERNAME>Container Handling Services-Import-GST</LEDGERNAME>
<AMOUNT>1100.000</AMOUNT>
</ALLLEDGERENTRIES.LIST>
<ALLLEDGERENTRIES.LIST>
<REMOVEZEROENTRIES>No</REMOVEZEROENTRIES>
<ISDEEMEDPOSITIVE>No</ISDEEMEDPOSITIVE>
<LEDGERFROMITEM>No</LEDGERFROMITEM>
<LEDGERNAME>IGST</LEDGERNAME>
<AMOUNT>198.0000000</AMOUNT>
</ALLLEDGERENTRIES.LIST>
<ALLLEDGERENTRIES.LIST>
<REMOVEZEROENTRIES>No</REMOVEZEROENTRIES>
<ISDEEMEDPOSITIVE>No</ISDEEMEDPOSITIVE>
<LEDGERFROMITEM>No</LEDGERFROMITEM>
<LEDGERNAME>Container Handling Services-Import-GST</LEDGERNAME>
<AMOUNT>50.000</AMOUNT>
</ALLLEDGERENTRIES.LIST>
<ALLLEDGERENTRIES.LIST>
<REMOVEZEROENTRIES>No</REMOVEZEROENTRIES>
<ISDEEMEDPOSITIVE>No</ISDEEMEDPOSITIVE>
<LEDGERFROMITEM>No</LEDGERFROMITEM>
<LEDGERNAME>IGST</LEDGERNAME>
<AMOUNT>9.0000000</AMOUNT>
</ALLLEDGERENTRIES.LIST>
<ALLLEDGERENTRIES.LIST>
<REMOVEZEROENTRIES>No</REMOVEZEROENTRIES>
<ISDEEMEDPOSITIVE>No</ISDEEMEDPOSITIVE>
<LEDGERFROMITEM>No</LEDGERFROMITEM>
<LEDGERNAME>Container Handling Services-Import-GST</LEDGERNAME>
<AMOUNT>400.000</AMOUNT>
</ALLLEDGERENTRIES.LIST>
<ALLLEDGERENTRIES.LIST>
<REMOVEZEROENTRIES>No</REMOVEZEROENTRIES>
<ISDEEMEDPOSITIVE>No</ISDEEMEDPOSITIVE>
<LEDGERFROMITEM>No</LEDGERFROMITEM>
<LEDGERNAME>IGST</LEDGERNAME>
<AMOUNT>72.0000000</AMOUNT>
</ALLLEDGERENTRIES.LIST>
<ALLLEDGERENTRIES.LIST>
<REMOVEZEROENTRIES>No</REMOVEZEROENTRIES>
<ISDEEMEDPOSITIVE>No</ISDEEMEDPOSITIVE>
<LEDGERFROMITEM>No</LEDGERFROMITEM>
<LEDGERNAME>Container Handling Services-Import-GST</LEDGERNAME>
<AMOUNT>900.000</AMOUNT>
</ALLLEDGERENTRIES.LIST>
<ALLLEDGERENTRIES.LIST>
<REMOVEZEROENTRIES>No</REMOVEZEROENTRIES>
<ISDEEMEDPOSITIVE>No</ISDEEMEDPOSITIVE>
<LEDGERFROMITEM>No</LEDGERFROMITEM>
<LEDGERNAME>IGST</LEDGERNAME>
<AMOUNT>162.0000000</AMOUNT>
</ALLLEDGERENTRIES.LIST>
<ALLLEDGERENTRIES.LIST>
<REMOVEZEROENTRIES>No</REMOVEZEROENTRIES>
<ISDEEMEDPOSITIVE>No</ISDEEMEDPOSITIVE>
<LEDGERFROMITEM>No</LEDGERFROMITEM>
<LEDGERNAME>SHORT AND EXCESS</LEDGERNAME>
<AMOUNT>-0.240</AMOUNT>
</ALLLEDGERENTRIES.LIST>
</VOUCHER>
<VOUCHER>
<ISOPTIONAL>No</ISOPTIONAL>
<USEFORGAINLOSS>No</USEFORGAINLOSS>
<USEFORCOMPOUND>No</USEFORCOMPOUND>
<VOUCHERTYPENAME>Sales-Import-CFSM</VOUCHERTYPENAME>
<DATE>20180326</DATE>
<EFFECTIVEDATE>20180326</EFFECTIVEDATE>
<ISCANCELLED>No</ISCANCELLED>
<USETRACKINGNUMBER>No</USETRACKINGNUMBER>
<ISPOSTDATED>No</ISPOSTDATED>
<ISINVOICE>No</ISINVOICE>
<DIFFACTUALQTY>No</DIFFACTUALQTY>
<VOUCHERNUMBER>ALSI016096/17-18</VOUCHERNUMBER>
<PARTYLEDGERNAME>A AND A INTERNATIONAL FREIGHT FORWARDERS</PARTYLEDGERNAME>
<NARRATION>Being amount debited towards IGM No: 2188345, BL NO: HDMUNXAY1255571, Importer: A M TRADING and MARKETING (OPC), VOY NO: 069, Vessel: HYUNDAI COURAGE, LINER: Hyundai Merchant Marine India Private Limited and containers:  1 X 40, Invoice No: ALSI016096/17-18</NARRATION>
<ALLLEDGERENTRIES.LIST>
<REMOVEZEROENTRIES>No</REMOVEZEROENTRIES>
<ISDEEMEDPOSITIVE>Yes</ISDEEMEDPOSITIVE>
<LEDGERFROMITEM>No</LEDGERFROMITEM>
<LEDGERNAME>A AND A INTERNATIONAL FREIGHT FORWARDERS</LEDGERNAME>
<AMOUNT>-5664.000</AMOUNT>
<BILLALLOCATIONS.LIST>
<NAME>ALSI016096/17-18</NAME>
<BILLTYPE>New Ref</BILLTYPE>
<AMOUNT>-5664.000</AMOUNT>
</BILLALLOCATIONS.LIST>
</ALLLEDGERENTRIES.LIST>
<ALLLEDGERENTRIES.LIST>
<REMOVEZEROENTRIES>No</REMOVEZEROENTRIES>
<ISDEEMEDPOSITIVE>No</ISDEEMEDPOSITIVE>
<LEDGERFROMITEM>No</LEDGERFROMITEM>
<LEDGERNAME>Other Storage and Warehousing Services-Import-GST</LEDGERNAME>
<AMOUNT>4800.000</AMOUNT>
</ALLLEDGERENTRIES.LIST>
<ALLLEDGERENTRIES.LIST>
<REMOVEZEROENTRIES>No</REMOVEZEROENTRIES>
<ISDEEMEDPOSITIVE>No</ISDEEMEDPOSITIVE>
<LEDGERFROMITEM>No</LEDGERFROMITEM>
<LEDGERNAME>IGST</LEDGERNAME>
<AMOUNT>864.0000000</AMOUNT>
</ALLLEDGERENTRIES.LIST>
<ALLLEDGERENTRIES.LIST>
<REMOVEZEROENTRIES>No</REMOVEZEROENTRIES>
<ISDEEMEDPOSITIVE>No</ISDEEMEDPOSITIVE>
<LEDGERFROMITEM>No</LEDGERFROMITEM>
<LEDGERNAME>SHORT AND EXCESS</LEDGERNAME>
<AMOUNT>0.000</AMOUNT>
</ALLLEDGERENTRIES.LIST>
</VOUCHER>
<VOUCHER>
<ISOPTIONAL>No</ISOPTIONAL>
<USEFORGAINLOSS>No</USEFORGAINLOSS>
<USEFORCOMPOUND>No</USEFORCOMPOUND>
<VOUCHERTYPENAME>Sales-Import-CFSM</VOUCHERTYPENAME>
<DATE>20180326</DATE>
<EFFECTIVEDATE>20180326</EFFECTIVEDATE>
<ISCANCELLED>No</ISCANCELLED>
<USETRACKINGNUMBER>No</USETRACKINGNUMBER>
<ISPOSTDATED>No</ISPOSTDATED>
<ISINVOICE>No</ISINVOICE>
<DIFFACTUALQTY>No</DIFFACTUALQTY>
<VOUCHERNUMBER>ALSH002514/17-18</VOUCHERNUMBER>
<PARTYLEDGERNAME>HEMPSHIER STEEL PVT LTD</PARTYLEDGERNAME>
<NARRATION>Being amount debited towards IGM No: 2190299, BL NO: MSCURS628940, Importer: HEMPSHIER STEEL PVT LTD, VOY NO: 812, Vessel: MSC SINDY, LINER: MSC LINE OffDocTHC and containers:  4 X 20, Invoice No: ALSH002514/17-18</NARRATION>
<ALLLEDGERENTRIES.LIST>
<REMOVEZEROENTRIES>No</REMOVEZEROENTRIES>
<ISDEEMEDPOSITIVE>Yes</ISDEEMEDPOSITIVE>
<LEDGERFROMITEM>No</LEDGERFROMITEM>
<LEDGERNAME>HEMPSHIER STEEL PVT LTD</LEDGERNAME>
<AMOUNT>-47200.000</AMOUNT>
<BILLALLOCATIONS.LIST>
<NAME>ALSH002514/17-18</NAME>
<BILLTYPE>New Ref</BILLTYPE>
<AMOUNT>-47200.000</AMOUNT>
</BILLALLOCATIONS.LIST>
</ALLLEDGERENTRIES.LIST>
<ALLLEDGERENTRIES.LIST>
<REMOVEZEROENTRIES>No</REMOVEZEROENTRIES>
<ISDEEMEDPOSITIVE>No</ISDEEMEDPOSITIVE>
<LEDGERFROMITEM>No</LEDGERFROMITEM>
<LEDGERNAME>Container Handling Services-Import-GST</LEDGERNAME>
<AMOUNT>38000.000</AMOUNT>
</ALLLEDGERENTRIES.LIST>
<ALLLEDGERENTRIES.LIST>
<REMOVEZEROENTRIES>No</REMOVEZEROENTRIES>
<ISDEEMEDPOSITIVE>No</ISDEEMEDPOSITIVE>
<LEDGERFROMITEM>No</LEDGERFROMITEM>
<LEDGERNAME>CGST</LEDGERNAME>
<AMOUNT>3420.0000000</AMOUNT>
</ALLLEDGERENTRIES.LIST>
<ALLLEDGERENTRIES.LIST>
<REMOVEZEROENTRIES>No</REMOVEZEROENTRIES>
<ISDEEMEDPOSITIVE>No</ISDEEMEDPOSITIVE>
<LEDGERFROMITEM>No</LEDGERFROMITEM>
<LEDGERNAME>SGST</LEDGERNAME>
<AMOUNT>3420.0000000</AMOUNT>
</ALLLEDGERENTRIES.LIST>
<ALLLEDGERENTRIES.LIST>
<REMOVEZEROENTRIES>No</REMOVEZEROENTRIES>
<ISDEEMEDPOSITIVE>No</ISDEEMEDPOSITIVE>
<LEDGERFROMITEM>No</LEDGERFROMITEM>
<LEDGERNAME>Container Handling Services-Import-GST</LEDGERNAME>
<AMOUNT>2000.000</AMOUNT>
</ALLLEDGERENTRIES.LIST>
<ALLLEDGERENTRIES.LIST>
<REMOVEZEROENTRIES>No</REMOVEZEROENTRIES>
<ISDEEMEDPOSITIVE>No</ISDEEMEDPOSITIVE>
<LEDGERFROMITEM>No</LEDGERFROMITEM>
<LEDGERNAME>CGST</LEDGERNAME>
<AMOUNT>180.0000000</AMOUNT>
</ALLLEDGERENTRIES.LIST>
<ALLLEDGERENTRIES.LIST>
<REMOVEZEROENTRIES>No</REMOVEZEROENTRIES>
<ISDEEMEDPOSITIVE>No</ISDEEMEDPOSITIVE>
<LEDGERFROMITEM>No</LEDGERFROMITEM>
<LEDGERNAME>SGST</LEDGERNAME>
<AMOUNT>180.0000000</AMOUNT>
</ALLLEDGERENTRIES.LIST>
<ALLLEDGERENTRIES.LIST>
<REMOVEZEROENTRIES>No</REMOVEZEROENTRIES>
<ISDEEMEDPOSITIVE>No</ISDEEMEDPOSITIVE>
<LEDGERFROMITEM>No</LEDGERFROMITEM>
<LEDGERNAME>SHORT AND EXCESS</LEDGERNAME>
<AMOUNT>0.000</AMOUNT>
</ALLLEDGERENTRIES.LIST>
</VOUCHER>
<VOUCHER>
<ISOPTIONAL>No</ISOPTIONAL>
<USEFORGAINLOSS>No</USEFORGAINLOSS>
<USEFORCOMPOUND>No</USEFORCOMPOUND>
<VOUCHERTYPENAME>Sales-Import-CFSM</VOUCHERTYPENAME>
<DATE>20180326</DATE>
<EFFECTIVEDATE>20180326</EFFECTIVEDATE>
<ISCANCELLED>No</ISCANCELLED>
<USETRACKINGNUMBER>No</USETRACKINGNUMBER>
<ISPOSTDATED>No</ISPOSTDATED>
<ISINVOICE>No</ISINVOICE>
<DIFFACTUALQTY>No</DIFFACTUALQTY>
<VOUCHERNUMBER>ALSH002515/17-18</VOUCHERNUMBER>
<PARTYLEDGERNAME>ONWARD CHEMICALS PVT LTD</PARTYLEDGERNAME>
<NARRATION>Being amount debited towards IGM No: 2190115, BL NO: MSCUOQ539097, Importer: ONWARD CHEMICALS PVT.LTD., VOY NO: 811, Vessel: MSC CRISTINA, LINER: MSC LINE OffDocTHC and containers:  1 X 20, Invoice No: ALSH002515/17-18</NARRATION>
<ALLLEDGERENTRIES.LIST>
<REMOVEZEROENTRIES>No</REMOVEZEROENTRIES>
<ISDEEMEDPOSITIVE>Yes</ISDEEMEDPOSITIVE>
<LEDGERFROMITEM>No</LEDGERFROMITEM>
<LEDGERNAME>ONWARD CHEMICALS PVT LTD</LEDGERNAME>
<AMOUNT>-20703.000</AMOUNT>
<BILLALLOCATIONS.LIST>
<NAME>ALSH002515/17-18</NAME>
<BILLTYPE>New Ref</BILLTYPE>
<AMOUNT>-20703.000</AMOUNT>
</BILLALLOCATIONS.LIST>
</ALLLEDGERENTRIES.LIST>
<ALLLEDGERENTRIES.LIST>
<REMOVEZEROENTRIES>No</REMOVEZEROENTRIES>
<ISDEEMEDPOSITIVE>No</ISDEEMEDPOSITIVE>
<LEDGERFROMITEM>No</LEDGERFROMITEM>
<LEDGERNAME>Container Handling Services-Import-GST</LEDGERNAME>
<AMOUNT>9065.000</AMOUNT>
</ALLLEDGERENTRIES.LIST>
<ALLLEDGERENTRIES.LIST>
<REMOVEZEROENTRIES>No</REMOVEZEROENTRIES>
<ISDEEMEDPOSITIVE>No</ISDEEMEDPOSITIVE>
<LEDGERFROMITEM>No</LEDGERFROMITEM>
<LEDGERNAME>CGST</LEDGERNAME>
<AMOUNT>815.8500000</AMOUNT>
</ALLLEDGERENTRIES.LIST>
<ALLLEDGERENTRIES.LIST>
<REMOVEZEROENTRIES>No</REMOVEZEROENTRIES>
<ISDEEMEDPOSITIVE>No</ISDEEMEDPOSITIVE>
<LEDGERFROMITEM>No</LEDGERFROMITEM>
<LEDGERNAME>SGST</LEDGERNAME>
<AMOUNT>815.8500000</AMOUNT>
</ALLLEDGERENTRIES.LIST>
<ALLLEDGERENTRIES.LIST>
<REMOVEZEROENTRIES>No</REMOVEZEROENTRIES>
<ISDEEMEDPOSITIVE>No</ISDEEMEDPOSITIVE>
<LEDGERFROMITEM>No</LEDGERFROMITEM>
<LEDGERNAME>Other Storage and Warehousing Services-Import-GST</LEDGERNAME>
<AMOUNT>6000.000</AMOUNT>
</ALLLEDGERENTRIES.LIST>
<ALLLEDGERENTRIES.LIST>
<REMOVEZEROENTRIES>No</REMOVEZEROENTRIES>
<ISDEEMEDPOSITIVE>No</ISDEEMEDPOSITIVE>
<LEDGERFROMITEM>No</LEDGERFROMITEM>
<LEDGERNAME>CGST</LEDGERNAME>
<AMOUNT>540.0000000</AMOUNT>
</ALLLEDGERENTRIES.LIST>
<ALLLEDGERENTRIES.LIST>
<REMOVEZEROENTRIES>No</REMOVEZEROENTRIES>
<ISDEEMEDPOSITIVE>No</ISDEEMEDPOSITIVE>
<LEDGERFROMITEM>No</LEDGERFROMITEM>
<LEDGERNAME>SGST</LEDGERNAME>
<AMOUNT>540.0000000</AMOUNT>
</ALLLEDGERENTRIES.LIST>
<ALLLEDGERENTRIES.LIST>
<REMOVEZEROENTRIES>No</REMOVEZEROENTRIES>
<ISDEEMEDPOSITIVE>No</ISDEEMEDPOSITIVE>
<LEDGERFROMITEM>No</LEDGERFROMITEM>
<LEDGERNAME>Container Handling Services-Import-GST</LEDGERNAME>
<AMOUNT>1100.000</AMOUNT>
</ALLLEDGERENTRIES.LIST>
<ALLLEDGERENTRIES.LIST>
<REMOVEZEROENTRIES>No</REMOVEZEROENTRIES>
<ISDEEMEDPOSITIVE>No</ISDEEMEDPOSITIVE>
<LEDGERFROMITEM>No</LEDGERFROMITEM>
<LEDGERNAME>CGST</LEDGERNAME>
<AMOUNT>99.0000000</AMOUNT>
</ALLLEDGERENTRIES.LIST>
<ALLLEDGERENTRIES.LIST>
<REMOVEZEROENTRIES>No</REMOVEZEROENTRIES>
<ISDEEMEDPOSITIVE>No</ISDEEMEDPOSITIVE>
<LEDGERFROMITEM>No</LEDGERFROMITEM>
<LEDGERNAME>SGST</LEDGERNAME>
<AMOUNT>99.0000000</AMOUNT>
</ALLLEDGERENTRIES.LIST>
<ALLLEDGERENTRIES.LIST>
<REMOVEZEROENTRIES>No</REMOVEZEROENTRIES>
<ISDEEMEDPOSITIVE>No</ISDEEMEDPOSITIVE>
<LEDGERFROMITEM>No</LEDGERFROMITEM>
<LEDGERNAME>Container Handling Services-Import-GST</LEDGERNAME>
<AMOUNT>50.000</AMOUNT>
</ALLLEDGERENTRIES.LIST>
<ALLLEDGERENTRIES.LIST>
<REMOVEZEROENTRIES>No</REMOVEZEROENTRIES>
<ISDEEMEDPOSITIVE>No</ISDEEMEDPOSITIVE>
<LEDGERFROMITEM>No</LEDGERFROMITEM>
<LEDGERNAME>CGST</LEDGERNAME>
<AMOUNT>4.5000000</AMOUNT>
</ALLLEDGERENTRIES.LIST>
<ALLLEDGERENTRIES.LIST>
<REMOVEZEROENTRIES>No</REMOVEZEROENTRIES>
<ISDEEMEDPOSITIVE>No</ISDEEMEDPOSITIVE>
<LEDGERFROMITEM>No</LEDGERFROMITEM>
<LEDGERNAME>SGST</LEDGERNAME>
<AMOUNT>4.5000000</AMOUNT>
</ALLLEDGERENTRIES.LIST>
<ALLLEDGERENTRIES.LIST>
<REMOVEZEROENTRIES>No</REMOVEZEROENTRIES>
<ISDEEMEDPOSITIVE>No</ISDEEMEDPOSITIVE>
<LEDGERFROMITEM>No</LEDGERFROMITEM>
<LEDGERNAME>Container Handling Services-Import-GST</LEDGERNAME>
<AMOUNT>30.000</AMOUNT>
</ALLLEDGERENTRIES.LIST>
<ALLLEDGERENTRIES.LIST>
<REMOVEZEROENTRIES>No</REMOVEZEROENTRIES>
<ISDEEMEDPOSITIVE>No</ISDEEMEDPOSITIVE>
<LEDGERFROMITEM>No</LEDGERFROMITEM>
<LEDGERNAME>CGST</LEDGERNAME>
<AMOUNT>2.7000000</AMOUNT>
</ALLLEDGERENTRIES.LIST>
<ALLLEDGERENTRIES.LIST>
<REMOVEZEROENTRIES>No</REMOVEZEROENTRIES>
<ISDEEMEDPOSITIVE>No</ISDEEMEDPOSITIVE>
<LEDGERFROMITEM>No</LEDGERFROMITEM>
<LEDGERNAME>SGST</LEDGERNAME>
<AMOUNT>2.7000000</AMOUNT>
</ALLLEDGERENTRIES.LIST>
<ALLLEDGERENTRIES.LIST>
<REMOVEZEROENTRIES>No</REMOVEZEROENTRIES>
<ISDEEMEDPOSITIVE>No</ISDEEMEDPOSITIVE>
<LEDGERFROMITEM>No</LEDGERFROMITEM>
<LEDGERNAME>Container Handling Services-Import-GST</LEDGERNAME>
<AMOUNT>400.000</AMOUNT>
</ALLLEDGERENTRIES.LIST>
<ALLLEDGERENTRIES.LIST>
<REMOVEZEROENTRIES>No</REMOVEZEROENTRIES>
<ISDEEMEDPOSITIVE>No</ISDEEMEDPOSITIVE>
<LEDGERFROMITEM>No</LEDGERFROMITEM>
<LEDGERNAME>CGST</LEDGERNAME>
<AMOUNT>36.0000000</AMOUNT>
</ALLLEDGERENTRIES.LIST>
<ALLLEDGERENTRIES.LIST>
<REMOVEZEROENTRIES>No</REMOVEZEROENTRIES>
<ISDEEMEDPOSITIVE>No</ISDEEMEDPOSITIVE>
<LEDGERFROMITEM>No</LEDGERFROMITEM>
<LEDGERNAME>SGST</LEDGERNAME>
<AMOUNT>36.0000000</AMOUNT>
</ALLLEDGERENTRIES.LIST>
<ALLLEDGERENTRIES.LIST>
<REMOVEZEROENTRIES>No</REMOVEZEROENTRIES>
<ISDEEMEDPOSITIVE>No</ISDEEMEDPOSITIVE>
<LEDGERFROMITEM>No</LEDGERFROMITEM>
<LEDGERNAME>Container Handling Services-Import-GST</LEDGERNAME>
<AMOUNT>900.000</AMOUNT>
</ALLLEDGERENTRIES.LIST>
<ALLLEDGERENTRIES.LIST>
<REMOVEZEROENTRIES>No</REMOVEZEROENTRIES>
<ISDEEMEDPOSITIVE>No</ISDEEMEDPOSITIVE>
<LEDGERFROMITEM>No</LEDGERFROMITEM>
<LEDGERNAME>CGST</LEDGERNAME>
<AMOUNT>81.0000000</AMOUNT>
</ALLLEDGERENTRIES.LIST>
<ALLLEDGERENTRIES.LIST>
<REMOVEZEROENTRIES>No</REMOVEZEROENTRIES>
<ISDEEMEDPOSITIVE>No</ISDEEMEDPOSITIVE>
<LEDGERFROMITEM>No</LEDGERFROMITEM>
<LEDGERNAME>SGST</LEDGERNAME>
<AMOUNT>81.0000000</AMOUNT>
</ALLLEDGERENTRIES.LIST>
<ALLLEDGERENTRIES.LIST>
<REMOVEZEROENTRIES>No</REMOVEZEROENTRIES>
<ISDEEMEDPOSITIVE>No</ISDEEMEDPOSITIVE>
<LEDGERFROMITEM>No</LEDGERFROMITEM>
<LEDGERNAME>SHORT AND EXCESS</LEDGERNAME>
<AMOUNT>-0.100</AMOUNT>
</ALLLEDGERENTRIES.LIST>
</VOUCHER>
<VOUCHER>
<ISOPTIONAL>No</ISOPTIONAL>
<USEFORGAINLOSS>No</USEFORGAINLOSS>
<USEFORCOMPOUND>No</USEFORCOMPOUND>
<VOUCHERTYPENAME>Sales-Import-CFSM</VOUCHERTYPENAME>
<DATE>20180326</DATE>
<EFFECTIVEDATE>20180326</EFFECTIVEDATE>
<ISCANCELLED>No</ISCANCELLED>
<USETRACKINGNUMBER>No</USETRACKINGNUMBER>
<ISPOSTDATED>No</ISPOSTDATED>
<ISINVOICE>No</ISINVOICE>
<DIFFACTUALQTY>No</DIFFACTUALQTY>
<VOUCHERNUMBER>ALSI016097/17-18</VOUCHERNUMBER>
<PARTYLEDGERNAME>JUSHI INDIA PVT LTD</PARTYLEDGERNAME>
<NARRATION>Being amount debited towards IGM No: 2190288, BL NO: COAU7052737740, Importer: JUSHI INDIA PVT LTD, VOY NO: 151, Vessel: JPO TAURUS, LINER: COSCO INDIA SHIPPING PVT LTD and containers:  1 X 20, Invoice No: ALSI016097/17-18</NARRATION>
<ALLLEDGERENTRIES.LIST>
<REMOVEZEROENTRIES>No</REMOVEZEROENTRIES>
<ISDEEMEDPOSITIVE>Yes</ISDEEMEDPOSITIVE>
<LEDGERFROMITEM>No</LEDGERFROMITEM>
<LEDGERNAME>JUSHI INDIA PVT LTD</LEDGERNAME>
<AMOUNT>-17930.000</AMOUNT>
<BILLALLOCATIONS.LIST>
<NAME>ALSI016097/17-18</NAME>
<BILLTYPE>New Ref</BILLTYPE>
<AMOUNT>-17930.000</AMOUNT>
</BILLALLOCATIONS.LIST>
</ALLLEDGERENTRIES.LIST>
<ALLLEDGERENTRIES.LIST>
<REMOVEZEROENTRIES>No</REMOVEZEROENTRIES>
<ISDEEMEDPOSITIVE>No</ISDEEMEDPOSITIVE>
<LEDGERFROMITEM>No</LEDGERFROMITEM>
<LEDGERNAME>Container Handling Services-Import-GST</LEDGERNAME>
<AMOUNT>11365.000</AMOUNT>
</ALLLEDGERENTRIES.LIST>
<ALLLEDGERENTRIES.LIST>
<REMOVEZEROENTRIES>No</REMOVEZEROENTRIES>
<ISDEEMEDPOSITIVE>No</ISDEEMEDPOSITIVE>
<LEDGERFROMITEM>No</LEDGERFROMITEM>
<LEDGERNAME>CGST</LEDGERNAME>
<AMOUNT>1022.8500000</AMOUNT>
</ALLLEDGERENTRIES.LIST>
<ALLLEDGERENTRIES.LIST>
<REMOVEZEROENTRIES>No</REMOVEZEROENTRIES>
<ISDEEMEDPOSITIVE>No</ISDEEMEDPOSITIVE>
<LEDGERFROMITEM>No</LEDGERFROMITEM>
<LEDGERNAME>SGST</LEDGERNAME>
<AMOUNT>1022.8500000</AMOUNT>
</ALLLEDGERENTRIES.LIST>
<ALLLEDGERENTRIES.LIST>
<REMOVEZEROENTRIES>No</REMOVEZEROENTRIES>
<ISDEEMEDPOSITIVE>No</ISDEEMEDPOSITIVE>
<LEDGERFROMITEM>No</LEDGERFROMITEM>
<LEDGERNAME>Other Storage and Warehousing Services-Import-GST</LEDGERNAME>
<AMOUNT>1350.000</AMOUNT>
</ALLLEDGERENTRIES.LIST>
<ALLLEDGERENTRIES.LIST>
<REMOVEZEROENTRIES>No</REMOVEZEROENTRIES>
<ISDEEMEDPOSITIVE>No</ISDEEMEDPOSITIVE>
<LEDGERFROMITEM>No</LEDGERFROMITEM>
<LEDGERNAME>CGST</LEDGERNAME>
<AMOUNT>121.5000000</AMOUNT>
</ALLLEDGERENTRIES.LIST>
<ALLLEDGERENTRIES.LIST>
<REMOVEZEROENTRIES>No</REMOVEZEROENTRIES>
<ISDEEMEDPOSITIVE>No</ISDEEMEDPOSITIVE>
<LEDGERFROMITEM>No</LEDGERFROMITEM>
<LEDGERNAME>SGST</LEDGERNAME>
<AMOUNT>121.5000000</AMOUNT>
</ALLLEDGERENTRIES.LIST>
<ALLLEDGERENTRIES.LIST>
<REMOVEZEROENTRIES>No</REMOVEZEROENTRIES>
<ISDEEMEDPOSITIVE>No</ISDEEMEDPOSITIVE>
<LEDGERFROMITEM>No</LEDGERFROMITEM>
<LEDGERNAME>Container Handling Services-Import-GST</LEDGERNAME>
<AMOUNT>1100.000</AMOUNT>
</ALLLEDGERENTRIES.LIST>
<ALLLEDGERENTRIES.LIST>
<REMOVEZEROENTRIES>No</REMOVEZEROENTRIES>
<ISDEEMEDPOSITIVE>No</ISDEEMEDPOSITIVE>
<LEDGERFROMITEM>No</LEDGERFROMITEM>
<LEDGERNAME>CGST</LEDGERNAME>
<AMOUNT>99.0000000</AMOUNT>
</ALLLEDGERENTRIES.LIST>
<ALLLEDGERENTRIES.LIST>
<REMOVEZEROENTRIES>No</REMOVEZEROENTRIES>
<ISDEEMEDPOSITIVE>No</ISDEEMEDPOSITIVE>
<LEDGERFROMITEM>No</LEDGERFROMITEM>
<LEDGERNAME>SGST</LEDGERNAME>
<AMOUNT>99.0000000</AMOUNT>
</ALLLEDGERENTRIES.LIST>
<ALLLEDGERENTRIES.LIST>
<REMOVEZEROENTRIES>No</REMOVEZEROENTRIES>
<ISDEEMEDPOSITIVE>No</ISDEEMEDPOSITIVE>
<LEDGERFROMITEM>No</LEDGERFROMITEM>
<LEDGERNAME>Container Handling Services-Import-GST</LEDGERNAME>
<AMOUNT>50.000</AMOUNT>
</ALLLEDGERENTRIES.LIST>
<ALLLEDGERENTRIES.LIST>
<REMOVEZEROENTRIES>No</REMOVEZEROENTRIES>
<ISDEEMEDPOSITIVE>No</ISDEEMEDPOSITIVE>
<LEDGERFROMITEM>No</LEDGERFROMITEM>
<LEDGERNAME>CGST</LEDGERNAME>
<AMOUNT>4.5000000</AMOUNT>
</ALLLEDGERENTRIES.LIST>
<ALLLEDGERENTRIES.LIST>
<REMOVEZEROENTRIES>No</REMOVEZEROENTRIES>
<ISDEEMEDPOSITIVE>No</ISDEEMEDPOSITIVE>
<LEDGERFROMITEM>No</LEDGERFROMITEM>
<LEDGERNAME>SGST</LEDGERNAME>
<AMOUNT>4.5000000</AMOUNT>
</ALLLEDGERENTRIES.LIST>
<ALLLEDGERENTRIES.LIST>
<REMOVEZEROENTRIES>No</REMOVEZEROENTRIES>
<ISDEEMEDPOSITIVE>No</ISDEEMEDPOSITIVE>
<LEDGERFROMITEM>No</LEDGERFROMITEM>
<LEDGERNAME>Container Handling Services-Import-GST</LEDGERNAME>
<AMOUNT>30.000</AMOUNT>
</ALLLEDGERENTRIES.LIST>
<ALLLEDGERENTRIES.LIST>
<REMOVEZEROENTRIES>No</REMOVEZEROENTRIES>
<ISDEEMEDPOSITIVE>No</ISDEEMEDPOSITIVE>
<LEDGERFROMITEM>No</LEDGERFROMITEM>
<LEDGERNAME>CGST</LEDGERNAME>
<AMOUNT>2.7000000</AMOUNT>
</ALLLEDGERENTRIES.LIST>
<ALLLEDGERENTRIES.LIST>
<REMOVEZEROENTRIES>No</REMOVEZEROENTRIES>
<ISDEEMEDPOSITIVE>No</ISDEEMEDPOSITIVE>
<LEDGERFROMITEM>No</LEDGERFROMITEM>
<LEDGERNAME>SGST</LEDGERNAME>
<AMOUNT>2.7000000</AMOUNT>
</ALLLEDGERENTRIES.LIST>
<ALLLEDGERENTRIES.LIST>
<REMOVEZEROENTRIES>No</REMOVEZEROENTRIES>
<ISDEEMEDPOSITIVE>No</ISDEEMEDPOSITIVE>
<LEDGERFROMITEM>No</LEDGERFROMITEM>
<LEDGERNAME>Container Handling Services-Import-GST</LEDGERNAME>
<AMOUNT>400.000</AMOUNT>
</ALLLEDGERENTRIES.LIST>
<ALLLEDGERENTRIES.LIST>
<REMOVEZEROENTRIES>No</REMOVEZEROENTRIES>
<ISDEEMEDPOSITIVE>No</ISDEEMEDPOSITIVE>
<LEDGERFROMITEM>No</LEDGERFROMITEM>
<LEDGERNAME>CGST</LEDGERNAME>
<AMOUNT>36.0000000</AMOUNT>
</ALLLEDGERENTRIES.LIST>
<ALLLEDGERENTRIES.LIST>
<REMOVEZEROENTRIES>No</REMOVEZEROENTRIES>
<ISDEEMEDPOSITIVE>No</ISDEEMEDPOSITIVE>
<LEDGERFROMITEM>No</LEDGERFROMITEM>
<LEDGERNAME>SGST</LEDGERNAME>
<AMOUNT>36.0000000</AMOUNT>
</ALLLEDGERENTRIES.LIST>
<ALLLEDGERENTRIES.LIST>
<REMOVEZEROENTRIES>No</REMOVEZEROENTRIES>
<ISDEEMEDPOSITIVE>No</ISDEEMEDPOSITIVE>
<LEDGERFROMITEM>No</LEDGERFROMITEM>
<LEDGERNAME>Container Handling Services-Import-GST</LEDGERNAME>
<AMOUNT>900.000</AMOUNT>
</ALLLEDGERENTRIES.LIST>
<ALLLEDGERENTRIES.LIST>
<REMOVEZEROENTRIES>No</REMOVEZEROENTRIES>
<ISDEEMEDPOSITIVE>No</ISDEEMEDPOSITIVE>
<LEDGERFROMITEM>No</LEDGERFROMITEM>
<LEDGERNAME>CGST</LEDGERNAME>
<AMOUNT>81.0000000</AMOUNT>
</ALLLEDGERENTRIES.LIST>
<ALLLEDGERENTRIES.LIST>
<REMOVEZEROENTRIES>No</REMOVEZEROENTRIES>
<ISDEEMEDPOSITIVE>No</ISDEEMEDPOSITIVE>
<LEDGERFROMITEM>No</LEDGERFROMITEM>
<LEDGERNAME>SGST</LEDGERNAME>
<AMOUNT>81.0000000</AMOUNT>
</ALLLEDGERENTRIES.LIST>
<ALLLEDGERENTRIES.LIST>
<REMOVEZEROENTRIES>No</REMOVEZEROENTRIES>
<ISDEEMEDPOSITIVE>No</ISDEEMEDPOSITIVE>
<LEDGERFROMITEM>No</LEDGERFROMITEM>
<LEDGERNAME>SHORT AND EXCESS</LEDGERNAME>
<AMOUNT>-0.100</AMOUNT>
</ALLLEDGERENTRIES.LIST>
</VOUCHER>
<VOUCHER>
<ISOPTIONAL>No</ISOPTIONAL>
<USEFORGAINLOSS>No</USEFORGAINLOSS>
<USEFORCOMPOUND>No</USEFORCOMPOUND>
<VOUCHERTYPENAME>Sales-Import-CFSM</VOUCHERTYPENAME>
<DATE>20180326</DATE>
<EFFECTIVEDATE>20180326</EFFECTIVEDATE>
<ISCANCELLED>No</ISCANCELLED>
<USETRACKINGNUMBER>No</USETRACKINGNUMBER>
<ISPOSTDATED>No</ISPOSTDATED>
<ISINVOICE>No</ISINVOICE>
<DIFFACTUALQTY>No</DIFFACTUALQTY>
<VOUCHERNUMBER>ALSI016098/17-18</VOUCHERNUMBER>
<PARTYLEDGERNAME>JUSHI INDIA PVT LTD</PARTYLEDGERNAME>
<NARRATION>Being amount debited towards IGM No: 2190288, BL NO: COAU7052737741, Importer: JUSHI INDIA PVT LTD, VOY NO: 151, Vessel: JPO TAURUS, LINER: COSCO INDIA SHIPPING PVT LTD and containers:  1 X 20, Invoice No: ALSI016098/17-18</NARRATION>
<ALLLEDGERENTRIES.LIST>
<REMOVEZEROENTRIES>No</REMOVEZEROENTRIES>
<ISDEEMEDPOSITIVE>Yes</ISDEEMEDPOSITIVE>
<LEDGERFROMITEM>No</LEDGERFROMITEM>
<LEDGERNAME>JUSHI INDIA PVT LTD</LEDGERNAME>
<AMOUNT>-18579.000</AMOUNT>
<BILLALLOCATIONS.LIST>
<NAME>ALSI016098/17-18</NAME>
<BILLTYPE>New Ref</BILLTYPE>
<AMOUNT>-18579.000</AMOUNT>
</BILLALLOCATIONS.LIST>
</ALLLEDGERENTRIES.LIST>
<ALLLEDGERENTRIES.LIST>
<REMOVEZEROENTRIES>No</REMOVEZEROENTRIES>
<ISDEEMEDPOSITIVE>No</ISDEEMEDPOSITIVE>
<LEDGERFROMITEM>No</LEDGERFROMITEM>
<LEDGERNAME>Container Handling Services-Import-GST</LEDGERNAME>
<AMOUNT>11365.000</AMOUNT>
</ALLLEDGERENTRIES.LIST>
<ALLLEDGERENTRIES.LIST>
<REMOVEZEROENTRIES>No</REMOVEZEROENTRIES>
<ISDEEMEDPOSITIVE>No</ISDEEMEDPOSITIVE>
<LEDGERFROMITEM>No</LEDGERFROMITEM>
<LEDGERNAME>CGST</LEDGERNAME>
<AMOUNT>1022.8500000</AMOUNT>
</ALLLEDGERENTRIES.LIST>
<ALLLEDGERENTRIES.LIST>
<REMOVEZEROENTRIES>No</REMOVEZEROENTRIES>
<ISDEEMEDPOSITIVE>No</ISDEEMEDPOSITIVE>
<LEDGERFROMITEM>No</LEDGERFROMITEM>
<LEDGERNAME>SGST</LEDGERNAME>
<AMOUNT>1022.8500000</AMOUNT>
</ALLLEDGERENTRIES.LIST>
<ALLLEDGERENTRIES.LIST>
<REMOVEZEROENTRIES>No</REMOVEZEROENTRIES>
<ISDEEMEDPOSITIVE>No</ISDEEMEDPOSITIVE>
<LEDGERFROMITEM>No</LEDGERFROMITEM>
<LEDGERNAME>Other Storage and Warehousing Services-Import-GST</LEDGERNAME>
<AMOUNT>1900.000</AMOUNT>
</ALLLEDGERENTRIES.LIST>
<ALLLEDGERENTRIES.LIST>
<REMOVEZEROENTRIES>No</REMOVEZEROENTRIES>
<ISDEEMEDPOSITIVE>No</ISDEEMEDPOSITIVE>
<LEDGERFROMITEM>No</LEDGERFROMITEM>
<LEDGERNAME>CGST</LEDGERNAME>
<AMOUNT>171.0000000</AMOUNT>
</ALLLEDGERENTRIES.LIST>
<ALLLEDGERENTRIES.LIST>
<REMOVEZEROENTRIES>No</REMOVEZEROENTRIES>
<ISDEEMEDPOSITIVE>No</ISDEEMEDPOSITIVE>
<LEDGERFROMITEM>No</LEDGERFROMITEM>
<LEDGERNAME>SGST</LEDGERNAME>
<AMOUNT>171.0000000</AMOUNT>
</ALLLEDGERENTRIES.LIST>
<ALLLEDGERENTRIES.LIST>
<REMOVEZEROENTRIES>No</REMOVEZEROENTRIES>
<ISDEEMEDPOSITIVE>No</ISDEEMEDPOSITIVE>
<LEDGERFROMITEM>No</LEDGERFROMITEM>
<LEDGERNAME>Container Handling Services-Import-GST</LEDGERNAME>
<AMOUNT>1100.000</AMOUNT>
</ALLLEDGERENTRIES.LIST>
<ALLLEDGERENTRIES.LIST>
<REMOVEZEROENTRIES>No</REMOVEZEROENTRIES>
<ISDEEMEDPOSITIVE>No</ISDEEMEDPOSITIVE>
<LEDGERFROMITEM>No</LEDGERFROMITEM>
<LEDGERNAME>CGST</LEDGERNAME>
<AMOUNT>99.0000000</AMOUNT>
</ALLLEDGERENTRIES.LIST>
<ALLLEDGERENTRIES.LIST>
<REMOVEZEROENTRIES>No</REMOVEZEROENTRIES>
<ISDEEMEDPOSITIVE>No</ISDEEMEDPOSITIVE>
<LEDGERFROMITEM>No</LEDGERFROMITEM>
<LEDGERNAME>SGST</LEDGERNAME>
<AMOUNT>99.0000000</AMOUNT>
</ALLLEDGERENTRIES.LIST>
<ALLLEDGERENTRIES.LIST>
<REMOVEZEROENTRIES>No</REMOVEZEROENTRIES>
<ISDEEMEDPOSITIVE>No</ISDEEMEDPOSITIVE>
<LEDGERFROMITEM>No</LEDGERFROMITEM>
<LEDGERNAME>Container Handling Services-Import-GST</LEDGERNAME>
<AMOUNT>50.000</AMOUNT>
</ALLLEDGERENTRIES.LIST>
<ALLLEDGERENTRIES.LIST>
<REMOVEZEROENTRIES>No</REMOVEZEROENTRIES>
<ISDEEMEDPOSITIVE>No</ISDEEMEDPOSITIVE>
<LEDGERFROMITEM>No</LEDGERFROMITEM>
<LEDGERNAME>CGST</LEDGERNAME>
<AMOUNT>4.5000000</AMOUNT>
</ALLLEDGERENTRIES.LIST>
<ALLLEDGERENTRIES.LIST>
<REMOVEZEROENTRIES>No</REMOVEZEROENTRIES>
<ISDEEMEDPOSITIVE>No</ISDEEMEDPOSITIVE>
<LEDGERFROMITEM>No</LEDGERFROMITEM>
<LEDGERNAME>SGST</LEDGERNAME>
<AMOUNT>4.5000000</AMOUNT>
</ALLLEDGERENTRIES.LIST>
<ALLLEDGERENTRIES.LIST>
<REMOVEZEROENTRIES>No</REMOVEZEROENTRIES>
<ISDEEMEDPOSITIVE>No</ISDEEMEDPOSITIVE>
<LEDGERFROMITEM>No</LEDGERFROMITEM>
<LEDGERNAME>Container Handling Services-Import-GST</LEDGERNAME>
<AMOUNT>30.000</AMOUNT>
</ALLLEDGERENTRIES.LIST>
<ALLLEDGERENTRIES.LIST>
<REMOVEZEROENTRIES>No</REMOVEZEROENTRIES>
<ISDEEMEDPOSITIVE>No</ISDEEMEDPOSITIVE>
<LEDGERFROMITEM>No</LEDGERFROMITEM>
<LEDGERNAME>CGST</LEDGERNAME>
<AMOUNT>2.7000000</AMOUNT>
</ALLLEDGERENTRIES.LIST>
<ALLLEDGERENTRIES.LIST>
<REMOVEZEROENTRIES>No</REMOVEZEROENTRIES>
<ISDEEMEDPOSITIVE>No</ISDEEMEDPOSITIVE>
<LEDGERFROMITEM>No</LEDGERFROMITEM>
<LEDGERNAME>SGST</LEDGERNAME>
<AMOUNT>2.7000000</AMOUNT>
</ALLLEDGERENTRIES.LIST>
<ALLLEDGERENTRIES.LIST>
<REMOVEZEROENTRIES>No</REMOVEZEROENTRIES>
<ISDEEMEDPOSITIVE>No</ISDEEMEDPOSITIVE>
<LEDGERFROMITEM>No</LEDGERFROMITEM>
<LEDGERNAME>Container Handling Services-Import-GST</LEDGERNAME>
<AMOUNT>400.000</AMOUNT>
</ALLLEDGERENTRIES.LIST>
<ALLLEDGERENTRIES.LIST>
<REMOVEZEROENTRIES>No</REMOVEZEROENTRIES>
<ISDEEMEDPOSITIVE>No</ISDEEMEDPOSITIVE>
<LEDGERFROMITEM>No</LEDGERFROMITEM>
<LEDGERNAME>CGST</LEDGERNAME>
<AMOUNT>36.0000000</AMOUNT>
</ALLLEDGERENTRIES.LIST>
<ALLLEDGERENTRIES.LIST>
<REMOVEZEROENTRIES>No</REMOVEZEROENTRIES>
<ISDEEMEDPOSITIVE>No</ISDEEMEDPOSITIVE>
<LEDGERFROMITEM>No</LEDGERFROMITEM>
<LEDGERNAME>SGST</LEDGERNAME>
<AMOUNT>36.0000000</AMOUNT>
</ALLLEDGERENTRIES.LIST>
<ALLLEDGERENTRIES.LIST>
<REMOVEZEROENTRIES>No</REMOVEZEROENTRIES>
<ISDEEMEDPOSITIVE>No</ISDEEMEDPOSITIVE>
<LEDGERFROMITEM>No</LEDGERFROMITEM>
<LEDGERNAME>Container Handling Services-Import-GST</LEDGERNAME>
<AMOUNT>900.000</AMOUNT>
</ALLLEDGERENTRIES.LIST>
<ALLLEDGERENTRIES.LIST>
<REMOVEZEROENTRIES>No</REMOVEZEROENTRIES>
<ISDEEMEDPOSITIVE>No</ISDEEMEDPOSITIVE>
<LEDGERFROMITEM>No</LEDGERFROMITEM>
<LEDGERNAME>CGST</LEDGERNAME>
<AMOUNT>81.0000000</AMOUNT>
</ALLLEDGERENTRIES.LIST>
<ALLLEDGERENTRIES.LIST>
<REMOVEZEROENTRIES>No</REMOVEZEROENTRIES>
<ISDEEMEDPOSITIVE>No</ISDEEMEDPOSITIVE>
<LEDGERFROMITEM>No</LEDGERFROMITEM>
<LEDGERNAME>SGST</LEDGERNAME>
<AMOUNT>81.0000000</AMOUNT>
</ALLLEDGERENTRIES.LIST>
<ALLLEDGERENTRIES.LIST>
<REMOVEZEROENTRIES>No</REMOVEZEROENTRIES>
<ISDEEMEDPOSITIVE>No</ISDEEMEDPOSITIVE>
<LEDGERFROMITEM>No</LEDGERFROMITEM>
<LEDGERNAME>SHORT AND EXCESS</LEDGERNAME>
<AMOUNT>-0.100</AMOUNT>
</ALLLEDGERENTRIES.LIST>
</VOUCHER>
<VOUCHER>
<ISOPTIONAL>No</ISOPTIONAL>
<USEFORGAINLOSS>No</USEFORGAINLOSS>
<USEFORCOMPOUND>No</USEFORCOMPOUND>
<VOUCHERTYPENAME>Sales-Import-CFSM</VOUCHERTYPENAME>
<DATE>20180326</DATE>
<EFFECTIVEDATE>20180326</EFFECTIVEDATE>
<ISCANCELLED>No</ISCANCELLED>
<USETRACKINGNUMBER>No</USETRACKINGNUMBER>
<ISPOSTDATED>No</ISPOSTDATED>
<ISINVOICE>No</ISINVOICE>
<DIFFACTUALQTY>No</DIFFACTUALQTY>
<VOUCHERNUMBER>ALSH002516/17-18</VOUCHERNUMBER>
<PARTYLEDGERNAME>INTERNATIONAL FRT.SYSTEMS CO.P.LTD.</PARTYLEDGERNAME>
<NARRATION>Being amount debited towards IGM No: 2190115, BL NO: ANRNSA279519, Importer: GS CALTEX INDIA PVT LTD, VOY NO: 811, Vessel: MSC CRISTINA, LINER: MSC LINE OffDocTHC and containers:  1 X 20, Invoice No: ALSH002516/17-18</NARRATION>
<ALLLEDGERENTRIES.LIST>
<REMOVEZEROENTRIES>No</REMOVEZEROENTRIES>
<ISDEEMEDPOSITIVE>Yes</ISDEEMEDPOSITIVE>
<LEDGERFROMITEM>No</LEDGERFROMITEM>
<LEDGERNAME>INTERNATIONAL FRT.SYSTEMS CO.P.LTD.</LEDGERNAME>
<AMOUNT>-15157.000</AMOUNT>
<BILLALLOCATIONS.LIST>
<NAME>ALSH002516/17-18</NAME>
<BILLTYPE>New Ref</BILLTYPE>
<AMOUNT>-15157.000</AMOUNT>
</BILLALLOCATIONS.LIST>
</ALLLEDGERENTRIES.LIST>
<ALLLEDGERENTRIES.LIST>
<REMOVEZEROENTRIES>No</REMOVEZEROENTRIES>
<ISDEEMEDPOSITIVE>No</ISDEEMEDPOSITIVE>
<LEDGERFROMITEM>No</LEDGERFROMITEM>
<LEDGERNAME>Container Handling Services-Import-GST</LEDGERNAME>
<AMOUNT>7365.000</AMOUNT>
</ALLLEDGERENTRIES.LIST>
<ALLLEDGERENTRIES.LIST>
<REMOVEZEROENTRIES>No</REMOVEZEROENTRIES>
<ISDEEMEDPOSITIVE>No</ISDEEMEDPOSITIVE>
<LEDGERFROMITEM>No</LEDGERFROMITEM>
<LEDGERNAME>CGST</LEDGERNAME>
<AMOUNT>662.8500000</AMOUNT>
</ALLLEDGERENTRIES.LIST>
<ALLLEDGERENTRIES.LIST>
<REMOVEZEROENTRIES>No</REMOVEZEROENTRIES>
<ISDEEMEDPOSITIVE>No</ISDEEMEDPOSITIVE>
<LEDGERFROMITEM>No</LEDGERFROMITEM>
<LEDGERNAME>SGST</LEDGERNAME>
<AMOUNT>662.8500000</AMOUNT>
</ALLLEDGERENTRIES.LIST>
<ALLLEDGERENTRIES.LIST>
<REMOVEZEROENTRIES>No</REMOVEZEROENTRIES>
<ISDEEMEDPOSITIVE>No</ISDEEMEDPOSITIVE>
<LEDGERFROMITEM>No</LEDGERFROMITEM>
<LEDGERNAME>Other Storage and Warehousing Services-Import-GST</LEDGERNAME>
<AMOUNT>3000.000</AMOUNT>
</ALLLEDGERENTRIES.LIST>
<ALLLEDGERENTRIES.LIST>
<REMOVEZEROENTRIES>No</REMOVEZEROENTRIES>
<ISDEEMEDPOSITIVE>No</ISDEEMEDPOSITIVE>
<LEDGERFROMITEM>No</LEDGERFROMITEM>
<LEDGERNAME>CGST</LEDGERNAME>
<AMOUNT>270.0000000</AMOUNT>
</ALLLEDGERENTRIES.LIST>
<ALLLEDGERENTRIES.LIST>
<REMOVEZEROENTRIES>No</REMOVEZEROENTRIES>
<ISDEEMEDPOSITIVE>No</ISDEEMEDPOSITIVE>
<LEDGERFROMITEM>No</LEDGERFROMITEM>
<LEDGERNAME>SGST</LEDGERNAME>
<AMOUNT>270.0000000</AMOUNT>
</ALLLEDGERENTRIES.LIST>
<ALLLEDGERENTRIES.LIST>
<REMOVEZEROENTRIES>No</REMOVEZEROENTRIES>
<ISDEEMEDPOSITIVE>No</ISDEEMEDPOSITIVE>
<LEDGERFROMITEM>No</LEDGERFROMITEM>
<LEDGERNAME>Container Handling Services-Import-GST</LEDGERNAME>
<AMOUNT>1100.000</AMOUNT>
</ALLLEDGERENTRIES.LIST>
<ALLLEDGERENTRIES.LIST>
<REMOVEZEROENTRIES>No</REMOVEZEROENTRIES>
<ISDEEMEDPOSITIVE>No</ISDEEMEDPOSITIVE>
<LEDGERFROMITEM>No</LEDGERFROMITEM>
<LEDGERNAME>CGST</LEDGERNAME>
<AMOUNT>99.0000000</AMOUNT>
</ALLLEDGERENTRIES.LIST>
<ALLLEDGERENTRIES.LIST>
<REMOVEZEROENTRIES>No</REMOVEZEROENTRIES>
<ISDEEMEDPOSITIVE>No</ISDEEMEDPOSITIVE>
<LEDGERFROMITEM>No</LEDGERFROMITEM>
<LEDGERNAME>SGST</LEDGERNAME>
<AMOUNT>99.0000000</AMOUNT>
</ALLLEDGERENTRIES.LIST>
<ALLLEDGERENTRIES.LIST>
<REMOVEZEROENTRIES>No</REMOVEZEROENTRIES>
<ISDEEMEDPOSITIVE>No</ISDEEMEDPOSITIVE>
<LEDGERFROMITEM>No</LEDGERFROMITEM>
<LEDGERNAME>Container Handling Services-Import-GST</LEDGERNAME>
<AMOUNT>50.000</AMOUNT>
</ALLLEDGERENTRIES.LIST>
<ALLLEDGERENTRIES.LIST>
<REMOVEZEROENTRIES>No</REMOVEZEROENTRIES>
<ISDEEMEDPOSITIVE>No</ISDEEMEDPOSITIVE>
<LEDGERFROMITEM>No</LEDGERFROMITEM>
<LEDGERNAME>CGST</LEDGERNAME>
<AMOUNT>4.5000000</AMOUNT>
</ALLLEDGERENTRIES.LIST>
<ALLLEDGERENTRIES.LIST>
<REMOVEZEROENTRIES>No</REMOVEZEROENTRIES>
<ISDEEMEDPOSITIVE>No</ISDEEMEDPOSITIVE>
<LEDGERFROMITEM>No</LEDGERFROMITEM>
<LEDGERNAME>SGST</LEDGERNAME>
<AMOUNT>4.5000000</AMOUNT>
</ALLLEDGERENTRIES.LIST>
<ALLLEDGERENTRIES.LIST>
<REMOVEZEROENTRIES>No</REMOVEZEROENTRIES>
<ISDEEMEDPOSITIVE>No</ISDEEMEDPOSITIVE>
<LEDGERFROMITEM>No</LEDGERFROMITEM>
<LEDGERNAME>Container Handling Services-Import-GST</LEDGERNAME>
<AMOUNT>30.000</AMOUNT>
</ALLLEDGERENTRIES.LIST>
<ALLLEDGERENTRIES.LIST>
<REMOVEZEROENTRIES>No</REMOVEZEROENTRIES>
<ISDEEMEDPOSITIVE>No</ISDEEMEDPOSITIVE>
<LEDGERFROMITEM>No</LEDGERFROMITEM>
<LEDGERNAME>CGST</LEDGERNAME>
<AMOUNT>2.7000000</AMOUNT>
</ALLLEDGERENTRIES.LIST>
<ALLLEDGERENTRIES.LIST>
<REMOVEZEROENTRIES>No</REMOVEZEROENTRIES>
<ISDEEMEDPOSITIVE>No</ISDEEMEDPOSITIVE>
<LEDGERFROMITEM>No</LEDGERFROMITEM>
<LEDGERNAME>SGST</LEDGERNAME>
<AMOUNT>2.7000000</AMOUNT>
</ALLLEDGERENTRIES.LIST>
<ALLLEDGERENTRIES.LIST>
<REMOVEZEROENTRIES>No</REMOVEZEROENTRIES>
<ISDEEMEDPOSITIVE>No</ISDEEMEDPOSITIVE>
<LEDGERFROMITEM>No</LEDGERFROMITEM>
<LEDGERNAME>Container Handling Services-Import-GST</LEDGERNAME>
<AMOUNT>400.000</AMOUNT>
</ALLLEDGERENTRIES.LIST>
<ALLLEDGERENTRIES.LIST>
<REMOVEZEROENTRIES>No</REMOVEZEROENTRIES>
<ISDEEMEDPOSITIVE>No</ISDEEMEDPOSITIVE>
<LEDGERFROMITEM>No</LEDGERFROMITEM>
<LEDGERNAME>CGST</LEDGERNAME>
<AMOUNT>36.0000000</AMOUNT>
</ALLLEDGERENTRIES.LIST>
<ALLLEDGERENTRIES.LIST>
<REMOVEZEROENTRIES>No</REMOVEZEROENTRIES>
<ISDEEMEDPOSITIVE>No</ISDEEMEDPOSITIVE>
<LEDGERFROMITEM>No</LEDGERFROMITEM>
<LEDGERNAME>SGST</LEDGERNAME>
<AMOUNT>36.0000000</AMOUNT>
</ALLLEDGERENTRIES.LIST>
<ALLLEDGERENTRIES.LIST>
<REMOVEZEROENTRIES>No</REMOVEZEROENTRIES>
<ISDEEMEDPOSITIVE>No</ISDEEMEDPOSITIVE>
<LEDGERFROMITEM>No</LEDGERFROMITEM>
<LEDGERNAME>Container Handling Services-Import-GST</LEDGERNAME>
<AMOUNT>900.000</AMOUNT>
</ALLLEDGERENTRIES.LIST>
<ALLLEDGERENTRIES.LIST>
<REMOVEZEROENTRIES>No</REMOVEZEROENTRIES>
<ISDEEMEDPOSITIVE>No</ISDEEMEDPOSITIVE>
<LEDGERFROMITEM>No</LEDGERFROMITEM>
<LEDGERNAME>CGST</LEDGERNAME>
<AMOUNT>81.0000000</AMOUNT>
</ALLLEDGERENTRIES.LIST>
<ALLLEDGERENTRIES.LIST>
<REMOVEZEROENTRIES>No</REMOVEZEROENTRIES>
<ISDEEMEDPOSITIVE>No</ISDEEMEDPOSITIVE>
<LEDGERFROMITEM>No</LEDGERFROMITEM>
<LEDGERNAME>SGST</LEDGERNAME>
<AMOUNT>81.0000000</AMOUNT>
</ALLLEDGERENTRIES.LIST>
<ALLLEDGERENTRIES.LIST>
<REMOVEZEROENTRIES>No</REMOVEZEROENTRIES>
<ISDEEMEDPOSITIVE>No</ISDEEMEDPOSITIVE>
<LEDGERFROMITEM>No</LEDGERFROMITEM>
<LEDGERNAME>SHORT AND EXCESS</LEDGERNAME>
<AMOUNT>-0.100</AMOUNT>
</ALLLEDGERENTRIES.LIST>
</VOUCHER>
<VOUCHER>
<ISOPTIONAL>No</ISOPTIONAL>
<USEFORGAINLOSS>No</USEFORGAINLOSS>
<USEFORCOMPOUND>No</USEFORCOMPOUND>
<VOUCHERTYPENAME>Sales-Import-CFSM</VOUCHERTYPENAME>
<DATE>20180326</DATE>
<EFFECTIVEDATE>20180326</EFFECTIVEDATE>
<ISCANCELLED>No</ISCANCELLED>
<USETRACKINGNUMBER>No</USETRACKINGNUMBER>
<ISPOSTDATED>No</ISPOSTDATED>
<ISINVOICE>No</ISINVOICE>
<DIFFACTUALQTY>No</DIFFACTUALQTY>
<VOUCHERNUMBER>ALSI016099/17-18</VOUCHERNUMBER>
<PARTYLEDGERNAME>AVA CHEMICALS PVT LTD</PARTYLEDGERNAME>
<NARRATION>Being amount debited towards IGM No: 2190288, BL NO: 0278527032, Importer: AVA CHEMICALS PVT LTD., VOY NO: 151, Vessel: JPO TAURUS, LINER: WAN HAI LINE and containers:  2 X 20, Invoice No: ALSI016099/17-18</NARRATION>
<ALLLEDGERENTRIES.LIST>
<REMOVEZEROENTRIES>No</REMOVEZEROENTRIES>
<ISDEEMEDPOSITIVE>Yes</ISDEEMEDPOSITIVE>
<LEDGERFROMITEM>No</LEDGERFROMITEM>
<LEDGERNAME>AVA CHEMICALS PVT LTD</LEDGERNAME>
<AMOUNT>-30786.000</AMOUNT>
<BILLALLOCATIONS.LIST>
<NAME>ALSI016099/17-18</NAME>
<BILLTYPE>New Ref</BILLTYPE>
<AMOUNT>-30786.000</AMOUNT>
</BILLALLOCATIONS.LIST>
</ALLLEDGERENTRIES.LIST>
<ALLLEDGERENTRIES.LIST>
<REMOVEZEROENTRIES>No</REMOVEZEROENTRIES>
<ISDEEMEDPOSITIVE>No</ISDEEMEDPOSITIVE>
<LEDGERFROMITEM>No</LEDGERFROMITEM>
<LEDGERNAME>Container Handling Services-Import-GST</LEDGERNAME>
<AMOUNT>17830.000</AMOUNT>
</ALLLEDGERENTRIES.LIST>
<ALLLEDGERENTRIES.LIST>
<REMOVEZEROENTRIES>No</REMOVEZEROENTRIES>
<ISDEEMEDPOSITIVE>No</ISDEEMEDPOSITIVE>
<LEDGERFROMITEM>No</LEDGERFROMITEM>
<LEDGERNAME>CGST</LEDGERNAME>
<AMOUNT>1604.7000000</AMOUNT>
</ALLLEDGERENTRIES.LIST>
<ALLLEDGERENTRIES.LIST>
<REMOVEZEROENTRIES>No</REMOVEZEROENTRIES>
<ISDEEMEDPOSITIVE>No</ISDEEMEDPOSITIVE>
<LEDGERFROMITEM>No</LEDGERFROMITEM>
<LEDGERNAME>SGST</LEDGERNAME>
<AMOUNT>1604.7000000</AMOUNT>
</ALLLEDGERENTRIES.LIST>
<ALLLEDGERENTRIES.LIST>
<REMOVEZEROENTRIES>No</REMOVEZEROENTRIES>
<ISDEEMEDPOSITIVE>No</ISDEEMEDPOSITIVE>
<LEDGERFROMITEM>No</LEDGERFROMITEM>
<LEDGERNAME>Other Storage and Warehousing Services-Import-GST</LEDGERNAME>
<AMOUNT>2700.000</AMOUNT>
</ALLLEDGERENTRIES.LIST>
<ALLLEDGERENTRIES.LIST>
<REMOVEZEROENTRIES>No</REMOVEZEROENTRIES>
<ISDEEMEDPOSITIVE>No</ISDEEMEDPOSITIVE>
<LEDGERFROMITEM>No</LEDGERFROMITEM>
<LEDGERNAME>CGST</LEDGERNAME>
<AMOUNT>243.0000000</AMOUNT>
</ALLLEDGERENTRIES.LIST>
<ALLLEDGERENTRIES.LIST>
<REMOVEZEROENTRIES>No</REMOVEZEROENTRIES>
<ISDEEMEDPOSITIVE>No</ISDEEMEDPOSITIVE>
<LEDGERFROMITEM>No</LEDGERFROMITEM>
<LEDGERNAME>SGST</LEDGERNAME>
<AMOUNT>243.0000000</AMOUNT>
</ALLLEDGERENTRIES.LIST>
<ALLLEDGERENTRIES.LIST>
<REMOVEZEROENTRIES>No</REMOVEZEROENTRIES>
<ISDEEMEDPOSITIVE>No</ISDEEMEDPOSITIVE>
<LEDGERFROMITEM>No</LEDGERFROMITEM>
<LEDGERNAME>Container Handling Services-Import-GST</LEDGERNAME>
<AMOUNT>2200.000</AMOUNT>
</ALLLEDGERENTRIES.LIST>
<ALLLEDGERENTRIES.LIST>
<REMOVEZEROENTRIES>No</REMOVEZEROENTRIES>
<ISDEEMEDPOSITIVE>No</ISDEEMEDPOSITIVE>
<LEDGERFROMITEM>No</LEDGERFROMITEM>
<LEDGERNAME>CGST</LEDGERNAME>
<AMOUNT>198.0000000</AMOUNT>
</ALLLEDGERENTRIES.LIST>
<ALLLEDGERENTRIES.LIST>
<REMOVEZEROENTRIES>No</REMOVEZEROENTRIES>
<ISDEEMEDPOSITIVE>No</ISDEEMEDPOSITIVE>
<LEDGERFROMITEM>No</LEDGERFROMITEM>
<LEDGERNAME>SGST</LEDGERNAME>
<AMOUNT>198.0000000</AMOUNT>
</ALLLEDGERENTRIES.LIST>
<ALLLEDGERENTRIES.LIST>
<REMOVEZEROENTRIES>No</REMOVEZEROENTRIES>
<ISDEEMEDPOSITIVE>No</ISDEEMEDPOSITIVE>
<LEDGERFROMITEM>No</LEDGERFROMITEM>
<LEDGERNAME>Container Handling Services-Import-GST</LEDGERNAME>
<AMOUNT>100.000</AMOUNT>
</ALLLEDGERENTRIES.LIST>
<ALLLEDGERENTRIES.LIST>
<REMOVEZEROENTRIES>No</REMOVEZEROENTRIES>
<ISDEEMEDPOSITIVE>No</ISDEEMEDPOSITIVE>
<LEDGERFROMITEM>No</LEDGERFROMITEM>
<LEDGERNAME>CGST</LEDGERNAME>
<AMOUNT>9.0000000</AMOUNT>
</ALLLEDGERENTRIES.LIST>
<ALLLEDGERENTRIES.LIST>
<REMOVEZEROENTRIES>No</REMOVEZEROENTRIES>
<ISDEEMEDPOSITIVE>No</ISDEEMEDPOSITIVE>
<LEDGERFROMITEM>No</LEDGERFROMITEM>
<LEDGERNAME>SGST</LEDGERNAME>
<AMOUNT>9.0000000</AMOUNT>
</ALLLEDGERENTRIES.LIST>
<ALLLEDGERENTRIES.LIST>
<REMOVEZEROENTRIES>No</REMOVEZEROENTRIES>
<ISDEEMEDPOSITIVE>No</ISDEEMEDPOSITIVE>
<LEDGERFROMITEM>No</LEDGERFROMITEM>
<LEDGERNAME>Container Handling Services-Import-GST</LEDGERNAME>
<AMOUNT>1000.000</AMOUNT>
</ALLLEDGERENTRIES.LIST>
<ALLLEDGERENTRIES.LIST>
<REMOVEZEROENTRIES>No</REMOVEZEROENTRIES>
<ISDEEMEDPOSITIVE>No</ISDEEMEDPOSITIVE>
<LEDGERFROMITEM>No</LEDGERFROMITEM>
<LEDGERNAME>CGST</LEDGERNAME>
<AMOUNT>90.0000000</AMOUNT>
</ALLLEDGERENTRIES.LIST>
<ALLLEDGERENTRIES.LIST>
<REMOVEZEROENTRIES>No</REMOVEZEROENTRIES>
<ISDEEMEDPOSITIVE>No</ISDEEMEDPOSITIVE>
<LEDGERFROMITEM>No</LEDGERFROMITEM>
<LEDGERNAME>SGST</LEDGERNAME>
<AMOUNT>90.0000000</AMOUNT>
</ALLLEDGERENTRIES.LIST>
<ALLLEDGERENTRIES.LIST>
<REMOVEZEROENTRIES>No</REMOVEZEROENTRIES>
<ISDEEMEDPOSITIVE>No</ISDEEMEDPOSITIVE>
<LEDGERFROMITEM>No</LEDGERFROMITEM>
<LEDGERNAME>Container Handling Services-Import-GST</LEDGERNAME>
<AMOUNT>60.000</AMOUNT>
</ALLLEDGERENTRIES.LIST>
<ALLLEDGERENTRIES.LIST>
<REMOVEZEROENTRIES>No</REMOVEZEROENTRIES>
<ISDEEMEDPOSITIVE>No</ISDEEMEDPOSITIVE>
<LEDGERFROMITEM>No</LEDGERFROMITEM>
<LEDGERNAME>CGST</LEDGERNAME>
<AMOUNT>5.4000000</AMOUNT>
</ALLLEDGERENTRIES.LIST>
<ALLLEDGERENTRIES.LIST>
<REMOVEZEROENTRIES>No</REMOVEZEROENTRIES>
<ISDEEMEDPOSITIVE>No</ISDEEMEDPOSITIVE>
<LEDGERFROMITEM>No</LEDGERFROMITEM>
<LEDGERNAME>SGST</LEDGERNAME>
<AMOUNT>5.4000000</AMOUNT>
</ALLLEDGERENTRIES.LIST>
<ALLLEDGERENTRIES.LIST>
<REMOVEZEROENTRIES>No</REMOVEZEROENTRIES>
<ISDEEMEDPOSITIVE>No</ISDEEMEDPOSITIVE>
<LEDGERFROMITEM>No</LEDGERFROMITEM>
<LEDGERNAME>Container Handling Services-Import-GST</LEDGERNAME>
<AMOUNT>400.000</AMOUNT>
</ALLLEDGERENTRIES.LIST>
<ALLLEDGERENTRIES.LIST>
<REMOVEZEROENTRIES>No</REMOVEZEROENTRIES>
<ISDEEMEDPOSITIVE>No</ISDEEMEDPOSITIVE>
<LEDGERFROMITEM>No</LEDGERFROMITEM>
<LEDGERNAME>CGST</LEDGERNAME>
<AMOUNT>36.0000000</AMOUNT>
</ALLLEDGERENTRIES.LIST>
<ALLLEDGERENTRIES.LIST>
<REMOVEZEROENTRIES>No</REMOVEZEROENTRIES>
<ISDEEMEDPOSITIVE>No</ISDEEMEDPOSITIVE>
<LEDGERFROMITEM>No</LEDGERFROMITEM>
<LEDGERNAME>SGST</LEDGERNAME>
<AMOUNT>36.0000000</AMOUNT>
</ALLLEDGERENTRIES.LIST>
<ALLLEDGERENTRIES.LIST>
<REMOVEZEROENTRIES>No</REMOVEZEROENTRIES>
<ISDEEMEDPOSITIVE>No</ISDEEMEDPOSITIVE>
<LEDGERFROMITEM>No</LEDGERFROMITEM>
<LEDGERNAME>Container Handling Services-Import-GST</LEDGERNAME>
<AMOUNT>1800.000</AMOUNT>
</ALLLEDGERENTRIES.LIST>
<ALLLEDGERENTRIES.LIST>
<REMOVEZEROENTRIES>No</REMOVEZEROENTRIES>
<ISDEEMEDPOSITIVE>No</ISDEEMEDPOSITIVE>
<LEDGERFROMITEM>No</LEDGERFROMITEM>
<LEDGERNAME>CGST</LEDGERNAME>
<AMOUNT>162.0000000</AMOUNT>
</ALLLEDGERENTRIES.LIST>
<ALLLEDGERENTRIES.LIST>
<REMOVEZEROENTRIES>No</REMOVEZEROENTRIES>
<ISDEEMEDPOSITIVE>No</ISDEEMEDPOSITIVE>
<LEDGERFROMITEM>No</LEDGERFROMITEM>
<LEDGERNAME>SGST</LEDGERNAME>
<AMOUNT>162.0000000</AMOUNT>
</ALLLEDGERENTRIES.LIST>
<ALLLEDGERENTRIES.LIST>
<REMOVEZEROENTRIES>No</REMOVEZEROENTRIES>
<ISDEEMEDPOSITIVE>No</ISDEEMEDPOSITIVE>
<LEDGERFROMITEM>No</LEDGERFROMITEM>
<LEDGERNAME>SHORT AND EXCESS</LEDGERNAME>
<AMOUNT>-0.200</AMOUNT>
</ALLLEDGERENTRIES.LIST>
</VOUCHER>
<VOUCHER>
<ISOPTIONAL>No</ISOPTIONAL>
<USEFORGAINLOSS>No</USEFORGAINLOSS>
<USEFORCOMPOUND>No</USEFORCOMPOUND>
<VOUCHERTYPENAME>Sales-Import-CFSM</VOUCHERTYPENAME>
<DATE>20180326</DATE>
<EFFECTIVEDATE>20180326</EFFECTIVEDATE>
<ISCANCELLED>No</ISCANCELLED>
<USETRACKINGNUMBER>No</USETRACKINGNUMBER>
<ISPOSTDATED>No</ISPOSTDATED>
<ISINVOICE>No</ISINVOICE>
<DIFFACTUALQTY>No</DIFFACTUALQTY>
<VOUCHERNUMBER>ALSH002517/17-18</VOUCHERNUMBER>
<PARTYLEDGERNAME>EPIROC MINING INDIA LIMITED</PARTYLEDGERNAME>
<NARRATION>Being amount debited towards IGM No: 2190115, BL NO: MSCUVQ746033, Importer: EPIROC MINING INDIA LTD, VOY NO: 811, Vessel: MSC CRISTINA, LINER: MSC LINE OffDocTHC and containers:  1 X 20, Invoice No: ALSH002517/17-18</NARRATION>
<ALLLEDGERENTRIES.LIST>
<REMOVEZEROENTRIES>No</REMOVEZEROENTRIES>
<ISDEEMEDPOSITIVE>Yes</ISDEEMEDPOSITIVE>
<LEDGERFROMITEM>No</LEDGERFROMITEM>
<LEDGERNAME>EPIROC MINING INDIA LIMITED</LEDGERNAME>
<AMOUNT>-16337.000</AMOUNT>
<BILLALLOCATIONS.LIST>
<NAME>ALSH002517/17-18</NAME>
<BILLTYPE>New Ref</BILLTYPE>
<AMOUNT>-16337.000</AMOUNT>
</BILLALLOCATIONS.LIST>
</ALLLEDGERENTRIES.LIST>
<ALLLEDGERENTRIES.LIST>
<REMOVEZEROENTRIES>No</REMOVEZEROENTRIES>
<ISDEEMEDPOSITIVE>No</ISDEEMEDPOSITIVE>
<LEDGERFROMITEM>No</LEDGERFROMITEM>
<LEDGERNAME>Container Handling Services-Import-GST</LEDGERNAME>
<AMOUNT>7365.000</AMOUNT>
</ALLLEDGERENTRIES.LIST>
<ALLLEDGERENTRIES.LIST>
<REMOVEZEROENTRIES>No</REMOVEZEROENTRIES>
<ISDEEMEDPOSITIVE>No</ISDEEMEDPOSITIVE>
<LEDGERFROMITEM>No</LEDGERFROMITEM>
<LEDGERNAME>IGST</LEDGERNAME>
<AMOUNT>1325.7000000</AMOUNT>
</ALLLEDGERENTRIES.LIST>
<ALLLEDGERENTRIES.LIST>
<REMOVEZEROENTRIES>No</REMOVEZEROENTRIES>
<ISDEEMEDPOSITIVE>No</ISDEEMEDPOSITIVE>
<LEDGERFROMITEM>No</LEDGERFROMITEM>
<LEDGERNAME>Container Handling Services-Import-GST</LEDGERNAME>
<AMOUNT>1000.000</AMOUNT>
</ALLLEDGERENTRIES.LIST>
<ALLLEDGERENTRIES.LIST>
<REMOVEZEROENTRIES>No</REMOVEZEROENTRIES>
<ISDEEMEDPOSITIVE>No</ISDEEMEDPOSITIVE>
<LEDGERFROMITEM>No</LEDGERFROMITEM>
<LEDGERNAME>IGST</LEDGERNAME>
<AMOUNT>180.0000000</AMOUNT>
</ALLLEDGERENTRIES.LIST>
<ALLLEDGERENTRIES.LIST>
<REMOVEZEROENTRIES>No</REMOVEZEROENTRIES>
<ISDEEMEDPOSITIVE>No</ISDEEMEDPOSITIVE>
<LEDGERFROMITEM>No</LEDGERFROMITEM>
<LEDGERNAME>Other Storage and Warehousing Services-Import-GST</LEDGERNAME>
<AMOUNT>3000.000</AMOUNT>
</ALLLEDGERENTRIES.LIST>
<ALLLEDGERENTRIES.LIST>
<REMOVEZEROENTRIES>No</REMOVEZEROENTRIES>
<ISDEEMEDPOSITIVE>No</ISDEEMEDPOSITIVE>
<LEDGERFROMITEM>No</LEDGERFROMITEM>
<LEDGERNAME>IGST</LEDGERNAME>
<AMOUNT>540.0000000</AMOUNT>
</ALLLEDGERENTRIES.LIST>
<ALLLEDGERENTRIES.LIST>
<REMOVEZEROENTRIES>No</REMOVEZEROENTRIES>
<ISDEEMEDPOSITIVE>No</ISDEEMEDPOSITIVE>
<LEDGERFROMITEM>No</LEDGERFROMITEM>
<LEDGERNAME>Container Handling Services-Import-GST</LEDGERNAME>
<AMOUNT>1100.000</AMOUNT>
</ALLLEDGERENTRIES.LIST>
<ALLLEDGERENTRIES.LIST>
<REMOVEZEROENTRIES>No</REMOVEZEROENTRIES>
<ISDEEMEDPOSITIVE>No</ISDEEMEDPOSITIVE>
<LEDGERFROMITEM>No</LEDGERFROMITEM>
<LEDGERNAME>IGST</LEDGERNAME>
<AMOUNT>198.0000000</AMOUNT>
</ALLLEDGERENTRIES.LIST>
<ALLLEDGERENTRIES.LIST>
<REMOVEZEROENTRIES>No</REMOVEZEROENTRIES>
<ISDEEMEDPOSITIVE>No</ISDEEMEDPOSITIVE>
<LEDGERFROMITEM>No</LEDGERFROMITEM>
<LEDGERNAME>Container Handling Services-Import-GST</LEDGERNAME>
<AMOUNT>50.000</AMOUNT>
</ALLLEDGERENTRIES.LIST>
<ALLLEDGERENTRIES.LIST>
<REMOVEZEROENTRIES>No</REMOVEZEROENTRIES>
<ISDEEMEDPOSITIVE>No</ISDEEMEDPOSITIVE>
<LEDGERFROMITEM>No</LEDGERFROMITEM>
<LEDGERNAME>IGST</LEDGERNAME>
<AMOUNT>9.0000000</AMOUNT>
</ALLLEDGERENTRIES.LIST>
<ALLLEDGERENTRIES.LIST>
<REMOVEZEROENTRIES>No</REMOVEZEROENTRIES>
<ISDEEMEDPOSITIVE>No</ISDEEMEDPOSITIVE>
<LEDGERFROMITEM>No</LEDGERFROMITEM>
<LEDGERNAME>Container Handling Services-Import-GST</LEDGERNAME>
<AMOUNT>30.000</AMOUNT>
</ALLLEDGERENTRIES.LIST>
<ALLLEDGERENTRIES.LIST>
<REMOVEZEROENTRIES>No</REMOVEZEROENTRIES>
<ISDEEMEDPOSITIVE>No</ISDEEMEDPOSITIVE>
<LEDGERFROMITEM>No</LEDGERFROMITEM>
<LEDGERNAME>IGST</LEDGERNAME>
<AMOUNT>5.4000000</AMOUNT>
</ALLLEDGERENTRIES.LIST>
<ALLLEDGERENTRIES.LIST>
<REMOVEZEROENTRIES>No</REMOVEZEROENTRIES>
<ISDEEMEDPOSITIVE>No</ISDEEMEDPOSITIVE>
<LEDGERFROMITEM>No</LEDGERFROMITEM>
<LEDGERNAME>Container Handling Services-Import-GST</LEDGERNAME>
<AMOUNT>400.000</AMOUNT>
</ALLLEDGERENTRIES.LIST>
<ALLLEDGERENTRIES.LIST>
<REMOVEZEROENTRIES>No</REMOVEZEROENTRIES>
<ISDEEMEDPOSITIVE>No</ISDEEMEDPOSITIVE>
<LEDGERFROMITEM>No</LEDGERFROMITEM>
<LEDGERNAME>IGST</LEDGERNAME>
<AMOUNT>72.0000000</AMOUNT>
</ALLLEDGERENTRIES.LIST>
<ALLLEDGERENTRIES.LIST>
<REMOVEZEROENTRIES>No</REMOVEZEROENTRIES>
<ISDEEMEDPOSITIVE>No</ISDEEMEDPOSITIVE>
<LEDGERFROMITEM>No</LEDGERFROMITEM>
<LEDGERNAME>Container Handling Services-Import-GST</LEDGERNAME>
<AMOUNT>900.000</AMOUNT>
</ALLLEDGERENTRIES.LIST>
<ALLLEDGERENTRIES.LIST>
<REMOVEZEROENTRIES>No</REMOVEZEROENTRIES>
<ISDEEMEDPOSITIVE>No</ISDEEMEDPOSITIVE>
<LEDGERFROMITEM>No</LEDGERFROMITEM>
<LEDGERNAME>IGST</LEDGERNAME>
<AMOUNT>162.0000000</AMOUNT>
</ALLLEDGERENTRIES.LIST>
<ALLLEDGERENTRIES.LIST>
<REMOVEZEROENTRIES>No</REMOVEZEROENTRIES>
<ISDEEMEDPOSITIVE>No</ISDEEMEDPOSITIVE>
<LEDGERFROMITEM>No</LEDGERFROMITEM>
<LEDGERNAME>SHORT AND EXCESS</LEDGERNAME>
<AMOUNT>-0.100</AMOUNT>
</ALLLEDGERENTRIES.LIST>
</VOUCHER>
<VOUCHER>
<ISOPTIONAL>No</ISOPTIONAL>
<USEFORGAINLOSS>No</USEFORGAINLOSS>
<USEFORCOMPOUND>No</USEFORCOMPOUND>
<VOUCHERTYPENAME>Sales-Import-CFSM</VOUCHERTYPENAME>
<DATE>20180326</DATE>
<EFFECTIVEDATE>20180326</EFFECTIVEDATE>
<ISCANCELLED>No</ISCANCELLED>
<USETRACKINGNUMBER>No</USETRACKINGNUMBER>
<ISPOSTDATED>No</ISPOSTDATED>
<ISINVOICE>No</ISINVOICE>
<DIFFACTUALQTY>No</DIFFACTUALQTY>
<VOUCHERNUMBER>ALSI016100/17-18</VOUCHERNUMBER>
<PARTYLEDGERNAME>DEE TEE INDUSTRIES LIMITED</PARTYLEDGERNAME>
<NARRATION>Being amount debited towards IGM No: 2188987, BL NO: HDMUKANS0579963, Importer: DEE TEE INDUSTRIES LTD., VOY NO: 67, Vessel: HYUNDAI BRAVE, LINER: Hyundai Merchant Marine India Private Limited and containers:  1 X 20, Invoice No: ALSI016100/17-18</NARRATION>
<ALLLEDGERENTRIES.LIST>
<REMOVEZEROENTRIES>No</REMOVEZEROENTRIES>
<ISDEEMEDPOSITIVE>Yes</ISDEEMEDPOSITIVE>
<LEDGERFROMITEM>No</LEDGERFROMITEM>
<LEDGERNAME>DEE TEE INDUSTRIES LIMITED</LEDGERNAME>
<AMOUNT>-35330.000</AMOUNT>
<BILLALLOCATIONS.LIST>
<NAME>ALSI016100/17-18</NAME>
<BILLTYPE>New Ref</BILLTYPE>
<AMOUNT>-35330.000</AMOUNT>
</BILLALLOCATIONS.LIST>
</ALLLEDGERENTRIES.LIST>
<ALLLEDGERENTRIES.LIST>
<REMOVEZEROENTRIES>No</REMOVEZEROENTRIES>
<ISDEEMEDPOSITIVE>No</ISDEEMEDPOSITIVE>
<LEDGERFROMITEM>No</LEDGERFROMITEM>
<LEDGERNAME>Container Handling Services-Import-GST</LEDGERNAME>
<AMOUNT>7215.000</AMOUNT>
</ALLLEDGERENTRIES.LIST>
<ALLLEDGERENTRIES.LIST>
<REMOVEZEROENTRIES>No</REMOVEZEROENTRIES>
<ISDEEMEDPOSITIVE>No</ISDEEMEDPOSITIVE>
<LEDGERFROMITEM>No</LEDGERFROMITEM>
<LEDGERNAME>IGST</LEDGERNAME>
<AMOUNT>1298.7000000</AMOUNT>
</ALLLEDGERENTRIES.LIST>
<ALLLEDGERENTRIES.LIST>
<REMOVEZEROENTRIES>No</REMOVEZEROENTRIES>
<ISDEEMEDPOSITIVE>No</ISDEEMEDPOSITIVE>
<LEDGERFROMITEM>No</LEDGERFROMITEM>
<LEDGERNAME>Other Storage and Warehousing Services-Import-GST</LEDGERNAME>
<AMOUNT>9650.000</AMOUNT>
</ALLLEDGERENTRIES.LIST>
<ALLLEDGERENTRIES.LIST>
<REMOVEZEROENTRIES>No</REMOVEZEROENTRIES>
<ISDEEMEDPOSITIVE>No</ISDEEMEDPOSITIVE>
<LEDGERFROMITEM>No</LEDGERFROMITEM>
<LEDGERNAME>IGST</LEDGERNAME>
<AMOUNT>1737.0000000</AMOUNT>
</ALLLEDGERENTRIES.LIST>
<ALLLEDGERENTRIES.LIST>
<REMOVEZEROENTRIES>No</REMOVEZEROENTRIES>
<ISDEEMEDPOSITIVE>No</ISDEEMEDPOSITIVE>
<LEDGERFROMITEM>No</LEDGERFROMITEM>
<LEDGERNAME>Container Handling Services-Import-GST</LEDGERNAME>
<AMOUNT>1625.400</AMOUNT>
</ALLLEDGERENTRIES.LIST>
<ALLLEDGERENTRIES.LIST>
<REMOVEZEROENTRIES>No</REMOVEZEROENTRIES>
<ISDEEMEDPOSITIVE>No</ISDEEMEDPOSITIVE>
<LEDGERFROMITEM>No</LEDGERFROMITEM>
<LEDGERNAME>IGST</LEDGERNAME>
<AMOUNT>292.5700000</AMOUNT>
</ALLLEDGERENTRIES.LIST>
<ALLLEDGERENTRIES.LIST>
<REMOVEZEROENTRIES>No</REMOVEZEROENTRIES>
<ISDEEMEDPOSITIVE>No</ISDEEMEDPOSITIVE>
<LEDGERFROMITEM>No</LEDGERFROMITEM>
<LEDGERNAME>Container Handling Services-Import-GST</LEDGERNAME>
<AMOUNT>1100.000</AMOUNT>
</ALLLEDGERENTRIES.LIST>
<ALLLEDGERENTRIES.LIST>
<REMOVEZEROENTRIES>No</REMOVEZEROENTRIES>
<ISDEEMEDPOSITIVE>No</ISDEEMEDPOSITIVE>
<LEDGERFROMITEM>No</LEDGERFROMITEM>
<LEDGERNAME>IGST</LEDGERNAME>
<AMOUNT>198.0000000</AMOUNT>
</ALLLEDGERENTRIES.LIST>
<ALLLEDGERENTRIES.LIST>
<REMOVEZEROENTRIES>No</REMOVEZEROENTRIES>
<ISDEEMEDPOSITIVE>No</ISDEEMEDPOSITIVE>
<LEDGERFROMITEM>No</LEDGERFROMITEM>
<LEDGERNAME>Container Handling Services-Import-GST</LEDGERNAME>
<AMOUNT>50.000</AMOUNT>
</ALLLEDGERENTRIES.LIST>
<ALLLEDGERENTRIES.LIST>
<REMOVEZEROENTRIES>No</REMOVEZEROENTRIES>
<ISDEEMEDPOSITIVE>No</ISDEEMEDPOSITIVE>
<LEDGERFROMITEM>No</LEDGERFROMITEM>
<LEDGERNAME>IGST</LEDGERNAME>
<AMOUNT>9.0000000</AMOUNT>
</ALLLEDGERENTRIES.LIST>
<ALLLEDGERENTRIES.LIST>
<REMOVEZEROENTRIES>No</REMOVEZEROENTRIES>
<ISDEEMEDPOSITIVE>No</ISDEEMEDPOSITIVE>
<LEDGERFROMITEM>No</LEDGERFROMITEM>
<LEDGERNAME>Container Handling Services-Import-GST</LEDGERNAME>
<AMOUNT>4000.000</AMOUNT>
</ALLLEDGERENTRIES.LIST>
<ALLLEDGERENTRIES.LIST>
<REMOVEZEROENTRIES>No</REMOVEZEROENTRIES>
<ISDEEMEDPOSITIVE>No</ISDEEMEDPOSITIVE>
<LEDGERFROMITEM>No</LEDGERFROMITEM>
<LEDGERNAME>IGST</LEDGERNAME>
<AMOUNT>720.0000000</AMOUNT>
</ALLLEDGERENTRIES.LIST>
<ALLLEDGERENTRIES.LIST>
<REMOVEZEROENTRIES>No</REMOVEZEROENTRIES>
<ISDEEMEDPOSITIVE>No</ISDEEMEDPOSITIVE>
<LEDGERFROMITEM>No</LEDGERFROMITEM>
<LEDGERNAME>Container Handling Services-Import-GST</LEDGERNAME>
<AMOUNT>400.000</AMOUNT>
</ALLLEDGERENTRIES.LIST>
<ALLLEDGERENTRIES.LIST>
<REMOVEZEROENTRIES>No</REMOVEZEROENTRIES>
<ISDEEMEDPOSITIVE>No</ISDEEMEDPOSITIVE>
<LEDGERFROMITEM>No</LEDGERFROMITEM>
<LEDGERNAME>IGST</LEDGERNAME>
<AMOUNT>72.0000000</AMOUNT>
</ALLLEDGERENTRIES.LIST>
<ALLLEDGERENTRIES.LIST>
<REMOVEZEROENTRIES>No</REMOVEZEROENTRIES>
<ISDEEMEDPOSITIVE>No</ISDEEMEDPOSITIVE>
<LEDGERFROMITEM>No</LEDGERFROMITEM>
<LEDGERNAME>Container Handling Services-Import-GST</LEDGERNAME>
<AMOUNT>5000.000</AMOUNT>
</ALLLEDGERENTRIES.LIST>
<ALLLEDGERENTRIES.LIST>
<REMOVEZEROENTRIES>No</REMOVEZEROENTRIES>
<ISDEEMEDPOSITIVE>No</ISDEEMEDPOSITIVE>
<LEDGERFROMITEM>No</LEDGERFROMITEM>
<LEDGERNAME>IGST</LEDGERNAME>
<AMOUNT>900.0000000</AMOUNT>
</ALLLEDGERENTRIES.LIST>
<ALLLEDGERENTRIES.LIST>
<REMOVEZEROENTRIES>No</REMOVEZEROENTRIES>
<ISDEEMEDPOSITIVE>No</ISDEEMEDPOSITIVE>
<LEDGERFROMITEM>No</LEDGERFROMITEM>
<LEDGERNAME>Container Handling Services-Import-GST</LEDGERNAME>
<AMOUNT>900.000</AMOUNT>
</ALLLEDGERENTRIES.LIST>
<ALLLEDGERENTRIES.LIST>
<REMOVEZEROENTRIES>No</REMOVEZEROENTRIES>
<ISDEEMEDPOSITIVE>No</ISDEEMEDPOSITIVE>
<LEDGERFROMITEM>No</LEDGERFROMITEM>
<LEDGERNAME>IGST</LEDGERNAME>
<AMOUNT>162.0000000</AMOUNT>
</ALLLEDGERENTRIES.LIST>
<ALLLEDGERENTRIES.LIST>
<REMOVEZEROENTRIES>No</REMOVEZEROENTRIES>
<ISDEEMEDPOSITIVE>No</ISDEEMEDPOSITIVE>
<LEDGERFROMITEM>No</LEDGERFROMITEM>
<LEDGERNAME>SHORT AND EXCESS</LEDGERNAME>
<AMOUNT>0.330</AMOUNT>
</ALLLEDGERENTRIES.LIST>
</VOUCHER>
<VOUCHER>
<ISOPTIONAL>No</ISOPTIONAL>
<USEFORGAINLOSS>No</USEFORGAINLOSS>
<USEFORCOMPOUND>No</USEFORCOMPOUND>
<VOUCHERTYPENAME>Sales-Import-CFSM</VOUCHERTYPENAME>
<DATE>20180326</DATE>
<EFFECTIVEDATE>20180326</EFFECTIVEDATE>
<ISCANCELLED>No</ISCANCELLED>
<USETRACKINGNUMBER>No</USETRACKINGNUMBER>
<ISPOSTDATED>No</ISPOSTDATED>
<ISINVOICE>No</ISINVOICE>
<DIFFACTUALQTY>No</DIFFACTUALQTY>
<VOUCHERNUMBER>ALSI016101/17-18</VOUCHERNUMBER>
<PARTYLEDGERNAME>EAST COAST DISTRIBUTORS PVT LTD</PARTYLEDGERNAME>
<NARRATION>Being amount debited towards IGM No: 2190288, BL NO: CKAZ80012900, Importer: EAST COAST DISTRIBUTORS PVT. LTD., VOY NO: 151, Vessel: JPO TAURUS, LINER: PIL MUMBAI PRIVATE LIMITED and containers:  2 X 40, Invoice No: ALSI016101/17-18</NARRATION>
<ALLLEDGERENTRIES.LIST>
<REMOVEZEROENTRIES>No</REMOVEZEROENTRIES>
<ISDEEMEDPOSITIVE>Yes</ISDEEMEDPOSITIVE>
<LEDGERFROMITEM>No</LEDGERFROMITEM>
<LEDGERNAME>EAST COAST DISTRIBUTORS PVT LTD</LEDGERNAME>
<AMOUNT>-55602.000</AMOUNT>
<BILLALLOCATIONS.LIST>
<NAME>ALSI016101/17-18</NAME>
<BILLTYPE>New Ref</BILLTYPE>
<AMOUNT>-55602.000</AMOUNT>
</BILLALLOCATIONS.LIST>
</ALLLEDGERENTRIES.LIST>
<ALLLEDGERENTRIES.LIST>
<REMOVEZEROENTRIES>No</REMOVEZEROENTRIES>
<ISDEEMEDPOSITIVE>No</ISDEEMEDPOSITIVE>
<LEDGERFROMITEM>No</LEDGERFROMITEM>
<LEDGERNAME>Container Handling Services-Import-GST</LEDGERNAME>
<AMOUNT>33160.000</AMOUNT>
</ALLLEDGERENTRIES.LIST>
<ALLLEDGERENTRIES.LIST>
<REMOVEZEROENTRIES>No</REMOVEZEROENTRIES>
<ISDEEMEDPOSITIVE>No</ISDEEMEDPOSITIVE>
<LEDGERFROMITEM>No</LEDGERFROMITEM>
<LEDGERNAME>CGST</LEDGERNAME>
<AMOUNT>2984.4000000</AMOUNT>
</ALLLEDGERENTRIES.LIST>
<ALLLEDGERENTRIES.LIST>
<REMOVEZEROENTRIES>No</REMOVEZEROENTRIES>
<ISDEEMEDPOSITIVE>No</ISDEEMEDPOSITIVE>
<LEDGERFROMITEM>No</LEDGERFROMITEM>
<LEDGERNAME>SGST</LEDGERNAME>
<AMOUNT>2984.4000000</AMOUNT>
</ALLLEDGERENTRIES.LIST>
<ALLLEDGERENTRIES.LIST>
<REMOVEZEROENTRIES>No</REMOVEZEROENTRIES>
<ISDEEMEDPOSITIVE>No</ISDEEMEDPOSITIVE>
<LEDGERFROMITEM>No</LEDGERFROMITEM>
<LEDGERNAME>Other Storage and Warehousing Services-Import-GST</LEDGERNAME>
<AMOUNT>5400.000</AMOUNT>
</ALLLEDGERENTRIES.LIST>
<ALLLEDGERENTRIES.LIST>
<REMOVEZEROENTRIES>No</REMOVEZEROENTRIES>
<ISDEEMEDPOSITIVE>No</ISDEEMEDPOSITIVE>
<LEDGERFROMITEM>No</LEDGERFROMITEM>
<LEDGERNAME>CGST</LEDGERNAME>
<AMOUNT>486.0000000</AMOUNT>
</ALLLEDGERENTRIES.LIST>
<ALLLEDGERENTRIES.LIST>
<REMOVEZEROENTRIES>No</REMOVEZEROENTRIES>
<ISDEEMEDPOSITIVE>No</ISDEEMEDPOSITIVE>
<LEDGERFROMITEM>No</LEDGERFROMITEM>
<LEDGERNAME>SGST</LEDGERNAME>
<AMOUNT>486.0000000</AMOUNT>
</ALLLEDGERENTRIES.LIST>
<ALLLEDGERENTRIES.LIST>
<REMOVEZEROENTRIES>No</REMOVEZEROENTRIES>
<ISDEEMEDPOSITIVE>No</ISDEEMEDPOSITIVE>
<LEDGERFROMITEM>No</LEDGERFROMITEM>
<LEDGERNAME>Container Handling Services-Import-GST</LEDGERNAME>
<AMOUNT>4400.000</AMOUNT>
</ALLLEDGERENTRIES.LIST>
<ALLLEDGERENTRIES.LIST>
<REMOVEZEROENTRIES>No</REMOVEZEROENTRIES>
<ISDEEMEDPOSITIVE>No</ISDEEMEDPOSITIVE>
<LEDGERFROMITEM>No</LEDGERFROMITEM>
<LEDGERNAME>CGST</LEDGERNAME>
<AMOUNT>396.0000000</AMOUNT>
</ALLLEDGERENTRIES.LIST>
<ALLLEDGERENTRIES.LIST>
<REMOVEZEROENTRIES>No</REMOVEZEROENTRIES>
<ISDEEMEDPOSITIVE>No</ISDEEMEDPOSITIVE>
<LEDGERFROMITEM>No</LEDGERFROMITEM>
<LEDGERNAME>SGST</LEDGERNAME>
<AMOUNT>396.0000000</AMOUNT>
</ALLLEDGERENTRIES.LIST>
<ALLLEDGERENTRIES.LIST>
<REMOVEZEROENTRIES>No</REMOVEZEROENTRIES>
<ISDEEMEDPOSITIVE>No</ISDEEMEDPOSITIVE>
<LEDGERFROMITEM>No</LEDGERFROMITEM>
<LEDGERNAME>Container Handling Services-Import-GST</LEDGERNAME>
<AMOUNT>100.000</AMOUNT>
</ALLLEDGERENTRIES.LIST>
<ALLLEDGERENTRIES.LIST>
<REMOVEZEROENTRIES>No</REMOVEZEROENTRIES>
<ISDEEMEDPOSITIVE>No</ISDEEMEDPOSITIVE>
<LEDGERFROMITEM>No</LEDGERFROMITEM>
<LEDGERNAME>CGST</LEDGERNAME>
<AMOUNT>9.0000000</AMOUNT>
</ALLLEDGERENTRIES.LIST>
<ALLLEDGERENTRIES.LIST>
<REMOVEZEROENTRIES>No</REMOVEZEROENTRIES>
<ISDEEMEDPOSITIVE>No</ISDEEMEDPOSITIVE>
<LEDGERFROMITEM>No</LEDGERFROMITEM>
<LEDGERNAME>SGST</LEDGERNAME>
<AMOUNT>9.0000000</AMOUNT>
</ALLLEDGERENTRIES.LIST>
<ALLLEDGERENTRIES.LIST>
<REMOVEZEROENTRIES>No</REMOVEZEROENTRIES>
<ISDEEMEDPOSITIVE>No</ISDEEMEDPOSITIVE>
<LEDGERFROMITEM>No</LEDGERFROMITEM>
<LEDGERNAME>Container Handling Services-Import-GST</LEDGERNAME>
<AMOUNT>60.000</AMOUNT>
</ALLLEDGERENTRIES.LIST>
<ALLLEDGERENTRIES.LIST>
<REMOVEZEROENTRIES>No</REMOVEZEROENTRIES>
<ISDEEMEDPOSITIVE>No</ISDEEMEDPOSITIVE>
<LEDGERFROMITEM>No</LEDGERFROMITEM>
<LEDGERNAME>CGST</LEDGERNAME>
<AMOUNT>5.4000000</AMOUNT>
</ALLLEDGERENTRIES.LIST>
<ALLLEDGERENTRIES.LIST>
<REMOVEZEROENTRIES>No</REMOVEZEROENTRIES>
<ISDEEMEDPOSITIVE>No</ISDEEMEDPOSITIVE>
<LEDGERFROMITEM>No</LEDGERFROMITEM>
<LEDGERNAME>SGST</LEDGERNAME>
<AMOUNT>5.4000000</AMOUNT>
</ALLLEDGERENTRIES.LIST>
<ALLLEDGERENTRIES.LIST>
<REMOVEZEROENTRIES>No</REMOVEZEROENTRIES>
<ISDEEMEDPOSITIVE>No</ISDEEMEDPOSITIVE>
<LEDGERFROMITEM>No</LEDGERFROMITEM>
<LEDGERNAME>Container Handling Services-Import-GST</LEDGERNAME>
<AMOUNT>400.000</AMOUNT>
</ALLLEDGERENTRIES.LIST>
<ALLLEDGERENTRIES.LIST>
<REMOVEZEROENTRIES>No</REMOVEZEROENTRIES>
<ISDEEMEDPOSITIVE>No</ISDEEMEDPOSITIVE>
<LEDGERFROMITEM>No</LEDGERFROMITEM>
<LEDGERNAME>CGST</LEDGERNAME>
<AMOUNT>36.0000000</AMOUNT>
</ALLLEDGERENTRIES.LIST>
<ALLLEDGERENTRIES.LIST>
<REMOVEZEROENTRIES>No</REMOVEZEROENTRIES>
<ISDEEMEDPOSITIVE>No</ISDEEMEDPOSITIVE>
<LEDGERFROMITEM>No</LEDGERFROMITEM>
<LEDGERNAME>SGST</LEDGERNAME>
<AMOUNT>36.0000000</AMOUNT>
</ALLLEDGERENTRIES.LIST>
<ALLLEDGERENTRIES.LIST>
<REMOVEZEROENTRIES>No</REMOVEZEROENTRIES>
<ISDEEMEDPOSITIVE>No</ISDEEMEDPOSITIVE>
<LEDGERFROMITEM>No</LEDGERFROMITEM>
<LEDGERNAME>Container Handling Services-Import-GST</LEDGERNAME>
<AMOUNT>3600.000</AMOUNT>
</ALLLEDGERENTRIES.LIST>
<ALLLEDGERENTRIES.LIST>
<REMOVEZEROENTRIES>No</REMOVEZEROENTRIES>
<ISDEEMEDPOSITIVE>No</ISDEEMEDPOSITIVE>
<LEDGERFROMITEM>No</LEDGERFROMITEM>
<LEDGERNAME>CGST</LEDGERNAME>
<AMOUNT>324.0000000</AMOUNT>
</ALLLEDGERENTRIES.LIST>
<ALLLEDGERENTRIES.LIST>
<REMOVEZEROENTRIES>No</REMOVEZEROENTRIES>
<ISDEEMEDPOSITIVE>No</ISDEEMEDPOSITIVE>
<LEDGERFROMITEM>No</LEDGERFROMITEM>
<LEDGERNAME>SGST</LEDGERNAME>
<AMOUNT>324.0000000</AMOUNT>
</ALLLEDGERENTRIES.LIST>
<ALLLEDGERENTRIES.LIST>
<REMOVEZEROENTRIES>No</REMOVEZEROENTRIES>
<ISDEEMEDPOSITIVE>No</ISDEEMEDPOSITIVE>
<LEDGERFROMITEM>No</LEDGERFROMITEM>
<LEDGERNAME>SHORT AND EXCESS</LEDGERNAME>
<AMOUNT>0.400</AMOUNT>
</ALLLEDGERENTRIES.LIST>
</VOUCHER>
<VOUCHER>
<ISOPTIONAL>No</ISOPTIONAL>
<USEFORGAINLOSS>No</USEFORGAINLOSS>
<USEFORCOMPOUND>No</USEFORCOMPOUND>
<VOUCHERTYPENAME>Sales-Import-CFSM</VOUCHERTYPENAME>
<DATE>20180326</DATE>
<EFFECTIVEDATE>20180326</EFFECTIVEDATE>
<ISCANCELLED>No</ISCANCELLED>
<USETRACKINGNUMBER>No</USETRACKINGNUMBER>
<ISPOSTDATED>No</ISPOSTDATED>
<ISINVOICE>No</ISINVOICE>
<DIFFACTUALQTY>No</DIFFACTUALQTY>
<VOUCHERNUMBER>ALSI016102/17-18</VOUCHERNUMBER>
<PARTYLEDGERNAME>VMG FOODS PVT LTD</PARTYLEDGERNAME>
<NARRATION>Being amount debited towards IGM No: 2189347, BL NO: BAXSSS068203, Importer: VMG FOODS PRIVATE LIMITED, VOY NO: 07, Vessel: CARDONIA, LINER: FREIGHT CONNECTION INDIA PVT. LTD and containers:  1 X 20, Invoice No: ALSI016102/17-18</NARRATION>
<ALLLEDGERENTRIES.LIST>
<REMOVEZEROENTRIES>No</REMOVEZEROENTRIES>
<ISDEEMEDPOSITIVE>Yes</ISDEEMEDPOSITIVE>
<LEDGERFROMITEM>No</LEDGERFROMITEM>
<LEDGERNAME>VMG FOODS PVT LTD</LEDGERNAME>
<AMOUNT>-29435.000</AMOUNT>
<BILLALLOCATIONS.LIST>
<NAME>ALSI016102/17-18</NAME>
<BILLTYPE>New Ref</BILLTYPE>
<AMOUNT>-29435.000</AMOUNT>
</BILLALLOCATIONS.LIST>
</ALLLEDGERENTRIES.LIST>
<ALLLEDGERENTRIES.LIST>
<REMOVEZEROENTRIES>No</REMOVEZEROENTRIES>
<ISDEEMEDPOSITIVE>No</ISDEEMEDPOSITIVE>
<LEDGERFROMITEM>No</LEDGERFROMITEM>
<LEDGERNAME>Container Handling Services-Import-GST</LEDGERNAME>
<AMOUNT>12715.000</AMOUNT>
</ALLLEDGERENTRIES.LIST>
<ALLLEDGERENTRIES.LIST>
<REMOVEZEROENTRIES>No</REMOVEZEROENTRIES>
<ISDEEMEDPOSITIVE>No</ISDEEMEDPOSITIVE>
<LEDGERFROMITEM>No</LEDGERFROMITEM>
<LEDGERNAME>IGST</LEDGERNAME>
<AMOUNT>2288.7000000</AMOUNT>
</ALLLEDGERENTRIES.LIST>
<ALLLEDGERENTRIES.LIST>
<REMOVEZEROENTRIES>No</REMOVEZEROENTRIES>
<ISDEEMEDPOSITIVE>No</ISDEEMEDPOSITIVE>
<LEDGERFROMITEM>No</LEDGERFROMITEM>
<LEDGERNAME>Container Handling Services-Import-GST</LEDGERNAME>
<AMOUNT>1000.000</AMOUNT>
</ALLLEDGERENTRIES.LIST>
<ALLLEDGERENTRIES.LIST>
<REMOVEZEROENTRIES>No</REMOVEZEROENTRIES>
<ISDEEMEDPOSITIVE>No</ISDEEMEDPOSITIVE>
<LEDGERFROMITEM>No</LEDGERFROMITEM>
<LEDGERNAME>IGST</LEDGERNAME>
<AMOUNT>180.0000000</AMOUNT>
</ALLLEDGERENTRIES.LIST>
<ALLLEDGERENTRIES.LIST>
<REMOVEZEROENTRIES>No</REMOVEZEROENTRIES>
<ISDEEMEDPOSITIVE>No</ISDEEMEDPOSITIVE>
<LEDGERFROMITEM>No</LEDGERFROMITEM>
<LEDGERNAME>Other Storage and Warehousing Services-Import-GST</LEDGERNAME>
<AMOUNT>7650.000</AMOUNT>
</ALLLEDGERENTRIES.LIST>
<ALLLEDGERENTRIES.LIST>
<REMOVEZEROENTRIES>No</REMOVEZEROENTRIES>
<ISDEEMEDPOSITIVE>No</ISDEEMEDPOSITIVE>
<LEDGERFROMITEM>No</LEDGERFROMITEM>
<LEDGERNAME>IGST</LEDGERNAME>
<AMOUNT>1377.0000000</AMOUNT>
</ALLLEDGERENTRIES.LIST>
<ALLLEDGERENTRIES.LIST>
<REMOVEZEROENTRIES>No</REMOVEZEROENTRIES>
<ISDEEMEDPOSITIVE>No</ISDEEMEDPOSITIVE>
<LEDGERFROMITEM>No</LEDGERFROMITEM>
<LEDGERNAME>Container Handling Services-Import-GST</LEDGERNAME>
<AMOUNT>1129.500</AMOUNT>
</ALLLEDGERENTRIES.LIST>
<ALLLEDGERENTRIES.LIST>
<REMOVEZEROENTRIES>No</REMOVEZEROENTRIES>
<ISDEEMEDPOSITIVE>No</ISDEEMEDPOSITIVE>
<LEDGERFROMITEM>No</LEDGERFROMITEM>
<LEDGERNAME>IGST</LEDGERNAME>
<AMOUNT>203.3100000</AMOUNT>
</ALLLEDGERENTRIES.LIST>
<ALLLEDGERENTRIES.LIST>
<REMOVEZEROENTRIES>No</REMOVEZEROENTRIES>
<ISDEEMEDPOSITIVE>No</ISDEEMEDPOSITIVE>
<LEDGERFROMITEM>No</LEDGERFROMITEM>
<LEDGERNAME>Container Handling Services-Import-GST</LEDGERNAME>
<AMOUNT>1100.000</AMOUNT>
</ALLLEDGERENTRIES.LIST>
<ALLLEDGERENTRIES.LIST>
<REMOVEZEROENTRIES>No</REMOVEZEROENTRIES>
<ISDEEMEDPOSITIVE>No</ISDEEMEDPOSITIVE>
<LEDGERFROMITEM>No</LEDGERFROMITEM>
<LEDGERNAME>IGST</LEDGERNAME>
<AMOUNT>198.0000000</AMOUNT>
</ALLLEDGERENTRIES.LIST>
<ALLLEDGERENTRIES.LIST>
<REMOVEZEROENTRIES>No</REMOVEZEROENTRIES>
<ISDEEMEDPOSITIVE>No</ISDEEMEDPOSITIVE>
<LEDGERFROMITEM>No</LEDGERFROMITEM>
<LEDGERNAME>Container Handling Services-Import-GST</LEDGERNAME>
<AMOUNT>50.000</AMOUNT>
</ALLLEDGERENTRIES.LIST>
<ALLLEDGERENTRIES.LIST>
<REMOVEZEROENTRIES>No</REMOVEZEROENTRIES>
<ISDEEMEDPOSITIVE>No</ISDEEMEDPOSITIVE>
<LEDGERFROMITEM>No</LEDGERFROMITEM>
<LEDGERNAME>IGST</LEDGERNAME>
<AMOUNT>9.0000000</AMOUNT>
</ALLLEDGERENTRIES.LIST>
<ALLLEDGERENTRIES.LIST>
<REMOVEZEROENTRIES>No</REMOVEZEROENTRIES>
<ISDEEMEDPOSITIVE>No</ISDEEMEDPOSITIVE>
<LEDGERFROMITEM>No</LEDGERFROMITEM>
<LEDGERNAME>Container Handling Services-Import-GST</LEDGERNAME>
<AMOUNT>400.000</AMOUNT>
</ALLLEDGERENTRIES.LIST>
<ALLLEDGERENTRIES.LIST>
<REMOVEZEROENTRIES>No</REMOVEZEROENTRIES>
<ISDEEMEDPOSITIVE>No</ISDEEMEDPOSITIVE>
<LEDGERFROMITEM>No</LEDGERFROMITEM>
<LEDGERNAME>IGST</LEDGERNAME>
<AMOUNT>72.0000000</AMOUNT>
</ALLLEDGERENTRIES.LIST>
<ALLLEDGERENTRIES.LIST>
<REMOVEZEROENTRIES>No</REMOVEZEROENTRIES>
<ISDEEMEDPOSITIVE>No</ISDEEMEDPOSITIVE>
<LEDGERFROMITEM>No</LEDGERFROMITEM>
<LEDGERNAME>Container Handling Services-Import-GST</LEDGERNAME>
<AMOUNT>900.000</AMOUNT>
</ALLLEDGERENTRIES.LIST>
<ALLLEDGERENTRIES.LIST>
<REMOVEZEROENTRIES>No</REMOVEZEROENTRIES>
<ISDEEMEDPOSITIVE>No</ISDEEMEDPOSITIVE>
<LEDGERFROMITEM>No</LEDGERFROMITEM>
<LEDGERNAME>IGST</LEDGERNAME>
<AMOUNT>162.0000000</AMOUNT>
</ALLLEDGERENTRIES.LIST>
<ALLLEDGERENTRIES.LIST>
<REMOVEZEROENTRIES>No</REMOVEZEROENTRIES>
<ISDEEMEDPOSITIVE>No</ISDEEMEDPOSITIVE>
<LEDGERFROMITEM>No</LEDGERFROMITEM>
<LEDGERNAME>SHORT AND EXCESS</LEDGERNAME>
<AMOUNT>0.490</AMOUNT>
</ALLLEDGERENTRIES.LIST>
</VOUCHER>
<VOUCHER>
<ISOPTIONAL>No</ISOPTIONAL>
<USEFORGAINLOSS>No</USEFORGAINLOSS>
<USEFORCOMPOUND>No</USEFORCOMPOUND>
<VOUCHERTYPENAME>Sales-Import-CFSM</VOUCHERTYPENAME>
<DATE>20180326</DATE>
<EFFECTIVEDATE>20180326</EFFECTIVEDATE>
<ISCANCELLED>No</ISCANCELLED>
<USETRACKINGNUMBER>No</USETRACKINGNUMBER>
<ISPOSTDATED>No</ISPOSTDATED>
<ISINVOICE>No</ISINVOICE>
<DIFFACTUALQTY>No</DIFFACTUALQTY>
<VOUCHERNUMBER>ALSI016104/17-18</VOUCHERNUMBER>
<PARTYLEDGERNAME>RIGHT TIGHT FASTNERS PVT LTD</PARTYLEDGERNAME>
<NARRATION>Being amount debited towards IGM No: 2190553, BL NO: EGLV050800093344, Importer: RIGHT TIGHT FASTNERS PVT. LTD., VOY NO: 0206W, Vessel: COSCO  HAMBURG, LINER: EVERGREEN SHIPPING AGENCY (INDIA) PVT.LTD. and containers:  1 X 20, Invoice No: ALSI016104/17-18</NARRATION>
<ALLLEDGERENTRIES.LIST>
<REMOVEZEROENTRIES>No</REMOVEZEROENTRIES>
<ISDEEMEDPOSITIVE>Yes</ISDEEMEDPOSITIVE>
<LEDGERFROMITEM>No</LEDGERFROMITEM>
<LEDGERNAME>RIGHT TIGHT FASTNERS PVT LTD</LEDGERNAME>
<AMOUNT>-17399.000</AMOUNT>
<BILLALLOCATIONS.LIST>
<NAME>ALSI016104/17-18</NAME>
<BILLTYPE>New Ref</BILLTYPE>
<AMOUNT>-17399.000</AMOUNT>
</BILLALLOCATIONS.LIST>
</ALLLEDGERENTRIES.LIST>
<ALLLEDGERENTRIES.LIST>
<REMOVEZEROENTRIES>No</REMOVEZEROENTRIES>
<ISDEEMEDPOSITIVE>No</ISDEEMEDPOSITIVE>
<LEDGERFROMITEM>No</LEDGERFROMITEM>
<LEDGERNAME>Container Handling Services-Import-GST</LEDGERNAME>
<AMOUNT>11365.000</AMOUNT>
</ALLLEDGERENTRIES.LIST>
<ALLLEDGERENTRIES.LIST>
<REMOVEZEROENTRIES>No</REMOVEZEROENTRIES>
<ISDEEMEDPOSITIVE>No</ISDEEMEDPOSITIVE>
<LEDGERFROMITEM>No</LEDGERFROMITEM>
<LEDGERNAME>CGST</LEDGERNAME>
<AMOUNT>1022.8500000</AMOUNT>
</ALLLEDGERENTRIES.LIST>
<ALLLEDGERENTRIES.LIST>
<REMOVEZEROENTRIES>No</REMOVEZEROENTRIES>
<ISDEEMEDPOSITIVE>No</ISDEEMEDPOSITIVE>
<LEDGERFROMITEM>No</LEDGERFROMITEM>
<LEDGERNAME>SGST</LEDGERNAME>
<AMOUNT>1022.8500000</AMOUNT>
</ALLLEDGERENTRIES.LIST>
<ALLLEDGERENTRIES.LIST>
<REMOVEZEROENTRIES>No</REMOVEZEROENTRIES>
<ISDEEMEDPOSITIVE>No</ISDEEMEDPOSITIVE>
<LEDGERFROMITEM>No</LEDGERFROMITEM>
<LEDGERNAME>Other Storage and Warehousing Services-Import-GST</LEDGERNAME>
<AMOUNT>900.000</AMOUNT>
</ALLLEDGERENTRIES.LIST>
<ALLLEDGERENTRIES.LIST>
<REMOVEZEROENTRIES>No</REMOVEZEROENTRIES>
<ISDEEMEDPOSITIVE>No</ISDEEMEDPOSITIVE>
<LEDGERFROMITEM>No</LEDGERFROMITEM>
<LEDGERNAME>CGST</LEDGERNAME>
<AMOUNT>81.0000000</AMOUNT>
</ALLLEDGERENTRIES.LIST>
<ALLLEDGERENTRIES.LIST>
<REMOVEZEROENTRIES>No</REMOVEZEROENTRIES>
<ISDEEMEDPOSITIVE>No</ISDEEMEDPOSITIVE>
<LEDGERFROMITEM>No</LEDGERFROMITEM>
<LEDGERNAME>SGST</LEDGERNAME>
<AMOUNT>81.0000000</AMOUNT>
</ALLLEDGERENTRIES.LIST>
<ALLLEDGERENTRIES.LIST>
<REMOVEZEROENTRIES>No</REMOVEZEROENTRIES>
<ISDEEMEDPOSITIVE>No</ISDEEMEDPOSITIVE>
<LEDGERFROMITEM>No</LEDGERFROMITEM>
<LEDGERNAME>Container Handling Services-Import-GST</LEDGERNAME>
<AMOUNT>1100.000</AMOUNT>
</ALLLEDGERENTRIES.LIST>
<ALLLEDGERENTRIES.LIST>
<REMOVEZEROENTRIES>No</REMOVEZEROENTRIES>
<ISDEEMEDPOSITIVE>No</ISDEEMEDPOSITIVE>
<LEDGERFROMITEM>No</LEDGERFROMITEM>
<LEDGERNAME>CGST</LEDGERNAME>
<AMOUNT>99.0000000</AMOUNT>
</ALLLEDGERENTRIES.LIST>
<ALLLEDGERENTRIES.LIST>
<REMOVEZEROENTRIES>No</REMOVEZEROENTRIES>
<ISDEEMEDPOSITIVE>No</ISDEEMEDPOSITIVE>
<LEDGERFROMITEM>No</LEDGERFROMITEM>
<LEDGERNAME>SGST</LEDGERNAME>
<AMOUNT>99.0000000</AMOUNT>
</ALLLEDGERENTRIES.LIST>
<ALLLEDGERENTRIES.LIST>
<REMOVEZEROENTRIES>No</REMOVEZEROENTRIES>
<ISDEEMEDPOSITIVE>No</ISDEEMEDPOSITIVE>
<LEDGERFROMITEM>No</LEDGERFROMITEM>
<LEDGERNAME>Container Handling Services-Import-GST</LEDGERNAME>
<AMOUNT>50.000</AMOUNT>
</ALLLEDGERENTRIES.LIST>
<ALLLEDGERENTRIES.LIST>
<REMOVEZEROENTRIES>No</REMOVEZEROENTRIES>
<ISDEEMEDPOSITIVE>No</ISDEEMEDPOSITIVE>
<LEDGERFROMITEM>No</LEDGERFROMITEM>
<LEDGERNAME>CGST</LEDGERNAME>
<AMOUNT>4.5000000</AMOUNT>
</ALLLEDGERENTRIES.LIST>
<ALLLEDGERENTRIES.LIST>
<REMOVEZEROENTRIES>No</REMOVEZEROENTRIES>
<ISDEEMEDPOSITIVE>No</ISDEEMEDPOSITIVE>
<LEDGERFROMITEM>No</LEDGERFROMITEM>
<LEDGERNAME>SGST</LEDGERNAME>
<AMOUNT>4.5000000</AMOUNT>
</ALLLEDGERENTRIES.LIST>
<ALLLEDGERENTRIES.LIST>
<REMOVEZEROENTRIES>No</REMOVEZEROENTRIES>
<ISDEEMEDPOSITIVE>No</ISDEEMEDPOSITIVE>
<LEDGERFROMITEM>No</LEDGERFROMITEM>
<LEDGERNAME>Container Handling Services-Import-GST</LEDGERNAME>
<AMOUNT>30.000</AMOUNT>
</ALLLEDGERENTRIES.LIST>
<ALLLEDGERENTRIES.LIST>
<REMOVEZEROENTRIES>No</REMOVEZEROENTRIES>
<ISDEEMEDPOSITIVE>No</ISDEEMEDPOSITIVE>
<LEDGERFROMITEM>No</LEDGERFROMITEM>
<LEDGERNAME>CGST</LEDGERNAME>
<AMOUNT>2.7000000</AMOUNT>
</ALLLEDGERENTRIES.LIST>
<ALLLEDGERENTRIES.LIST>
<REMOVEZEROENTRIES>No</REMOVEZEROENTRIES>
<ISDEEMEDPOSITIVE>No</ISDEEMEDPOSITIVE>
<LEDGERFROMITEM>No</LEDGERFROMITEM>
<LEDGERNAME>SGST</LEDGERNAME>
<AMOUNT>2.7000000</AMOUNT>
</ALLLEDGERENTRIES.LIST>
<ALLLEDGERENTRIES.LIST>
<REMOVEZEROENTRIES>No</REMOVEZEROENTRIES>
<ISDEEMEDPOSITIVE>No</ISDEEMEDPOSITIVE>
<LEDGERFROMITEM>No</LEDGERFROMITEM>
<LEDGERNAME>Container Handling Services-Import-GST</LEDGERNAME>
<AMOUNT>400.000</AMOUNT>
</ALLLEDGERENTRIES.LIST>
<ALLLEDGERENTRIES.LIST>
<REMOVEZEROENTRIES>No</REMOVEZEROENTRIES>
<ISDEEMEDPOSITIVE>No</ISDEEMEDPOSITIVE>
<LEDGERFROMITEM>No</LEDGERFROMITEM>
<LEDGERNAME>CGST</LEDGERNAME>
<AMOUNT>36.0000000</AMOUNT>
</ALLLEDGERENTRIES.LIST>
<ALLLEDGERENTRIES.LIST>
<REMOVEZEROENTRIES>No</REMOVEZEROENTRIES>
<ISDEEMEDPOSITIVE>No</ISDEEMEDPOSITIVE>
<LEDGERFROMITEM>No</LEDGERFROMITEM>
<LEDGERNAME>SGST</LEDGERNAME>
<AMOUNT>36.0000000</AMOUNT>
</ALLLEDGERENTRIES.LIST>
<ALLLEDGERENTRIES.LIST>
<REMOVEZEROENTRIES>No</REMOVEZEROENTRIES>
<ISDEEMEDPOSITIVE>No</ISDEEMEDPOSITIVE>
<LEDGERFROMITEM>No</LEDGERFROMITEM>
<LEDGERNAME>Container Handling Services-Import-GST</LEDGERNAME>
<AMOUNT>900.000</AMOUNT>
</ALLLEDGERENTRIES.LIST>
<ALLLEDGERENTRIES.LIST>
<REMOVEZEROENTRIES>No</REMOVEZEROENTRIES>
<ISDEEMEDPOSITIVE>No</ISDEEMEDPOSITIVE>
<LEDGERFROMITEM>No</LEDGERFROMITEM>
<LEDGERNAME>CGST</LEDGERNAME>
<AMOUNT>81.0000000</AMOUNT>
</ALLLEDGERENTRIES.LIST>
<ALLLEDGERENTRIES.LIST>
<REMOVEZEROENTRIES>No</REMOVEZEROENTRIES>
<ISDEEMEDPOSITIVE>No</ISDEEMEDPOSITIVE>
<LEDGERFROMITEM>No</LEDGERFROMITEM>
<LEDGERNAME>SGST</LEDGERNAME>
<AMOUNT>81.0000000</AMOUNT>
</ALLLEDGERENTRIES.LIST>
<ALLLEDGERENTRIES.LIST>
<REMOVEZEROENTRIES>No</REMOVEZEROENTRIES>
<ISDEEMEDPOSITIVE>No</ISDEEMEDPOSITIVE>
<LEDGERFROMITEM>No</LEDGERFROMITEM>
<LEDGERNAME>SHORT AND EXCESS</LEDGERNAME>
<AMOUNT>-0.100</AMOUNT>
</ALLLEDGERENTRIES.LIST>
</VOUCHER>
<VOUCHER>
<ISOPTIONAL>No</ISOPTIONAL>
<USEFORGAINLOSS>No</USEFORGAINLOSS>
<USEFORCOMPOUND>No</USEFORCOMPOUND>
<VOUCHERTYPENAME>Sales-Import-CFSM</VOUCHERTYPENAME>
<DATE>20180326</DATE>
<EFFECTIVEDATE>20180326</EFFECTIVEDATE>
<ISCANCELLED>No</ISCANCELLED>
<USETRACKINGNUMBER>No</USETRACKINGNUMBER>
<ISPOSTDATED>No</ISPOSTDATED>
<ISINVOICE>No</ISINVOICE>
<DIFFACTUALQTY>No</DIFFACTUALQTY>
<VOUCHERNUMBER>ALSI016103/17-18</VOUCHERNUMBER>
<PARTYLEDGERNAME>SHOGINI TECHNOARTS PVT LTD</PARTYLEDGERNAME>
<NARRATION>Being amount debited towards IGM No: 2190288, BL NO: YSNBF18020260, Importer: SHOGINI TECHNOARTS PRIVATE LTD., VOY NO: 151, Vessel: JPO TAURUS, LINER: WAN HAI LINE and containers:  1 X 40, Invoice No: ALSI016103/17-18</NARRATION>
<ALLLEDGERENTRIES.LIST>
<REMOVEZEROENTRIES>No</REMOVEZEROENTRIES>
<ISDEEMEDPOSITIVE>Yes</ISDEEMEDPOSITIVE>
<LEDGERFROMITEM>No</LEDGERFROMITEM>
<LEDGERNAME>SHOGINI TECHNOARTS PVT LTD</LEDGERNAME>
<AMOUNT>-24320.000</AMOUNT>
<BILLALLOCATIONS.LIST>
<NAME>ALSI016103/17-18</NAME>
<BILLTYPE>New Ref</BILLTYPE>
<AMOUNT>-24320.000</AMOUNT>
</BILLALLOCATIONS.LIST>
</ALLLEDGERENTRIES.LIST>
<ALLLEDGERENTRIES.LIST>
<REMOVEZEROENTRIES>No</REMOVEZEROENTRIES>
<ISDEEMEDPOSITIVE>No</ISDEEMEDPOSITIVE>
<LEDGERFROMITEM>No</LEDGERFROMITEM>
<LEDGERNAME>Container Handling Services-Import-GST</LEDGERNAME>
<AMOUNT>13480.000</AMOUNT>
</ALLLEDGERENTRIES.LIST>
<ALLLEDGERENTRIES.LIST>
<REMOVEZEROENTRIES>No</REMOVEZEROENTRIES>
<ISDEEMEDPOSITIVE>No</ISDEEMEDPOSITIVE>
<LEDGERFROMITEM>No</LEDGERFROMITEM>
<LEDGERNAME>CGST</LEDGERNAME>
<AMOUNT>1213.2000000</AMOUNT>
</ALLLEDGERENTRIES.LIST>
<ALLLEDGERENTRIES.LIST>
<REMOVEZEROENTRIES>No</REMOVEZEROENTRIES>
<ISDEEMEDPOSITIVE>No</ISDEEMEDPOSITIVE>
<LEDGERFROMITEM>No</LEDGERFROMITEM>
<LEDGERNAME>SGST</LEDGERNAME>
<AMOUNT>1213.2000000</AMOUNT>
</ALLLEDGERENTRIES.LIST>
<ALLLEDGERENTRIES.LIST>
<REMOVEZEROENTRIES>No</REMOVEZEROENTRIES>
<ISDEEMEDPOSITIVE>No</ISDEEMEDPOSITIVE>
<LEDGERFROMITEM>No</LEDGERFROMITEM>
<LEDGERNAME>Other Storage and Warehousing Services-Import-GST</LEDGERNAME>
<AMOUNT>2700.000</AMOUNT>
</ALLLEDGERENTRIES.LIST>
<ALLLEDGERENTRIES.LIST>
<REMOVEZEROENTRIES>No</REMOVEZEROENTRIES>
<ISDEEMEDPOSITIVE>No</ISDEEMEDPOSITIVE>
<LEDGERFROMITEM>No</LEDGERFROMITEM>
<LEDGERNAME>CGST</LEDGERNAME>
<AMOUNT>243.0000000</AMOUNT>
</ALLLEDGERENTRIES.LIST>
<ALLLEDGERENTRIES.LIST>
<REMOVEZEROENTRIES>No</REMOVEZEROENTRIES>
<ISDEEMEDPOSITIVE>No</ISDEEMEDPOSITIVE>
<LEDGERFROMITEM>No</LEDGERFROMITEM>
<LEDGERNAME>SGST</LEDGERNAME>
<AMOUNT>243.0000000</AMOUNT>
</ALLLEDGERENTRIES.LIST>
<ALLLEDGERENTRIES.LIST>
<REMOVEZEROENTRIES>No</REMOVEZEROENTRIES>
<ISDEEMEDPOSITIVE>No</ISDEEMEDPOSITIVE>
<LEDGERFROMITEM>No</LEDGERFROMITEM>
<LEDGERNAME>Container Handling Services-Import-GST</LEDGERNAME>
<AMOUNT>2200.000</AMOUNT>
</ALLLEDGERENTRIES.LIST>
<ALLLEDGERENTRIES.LIST>
<REMOVEZEROENTRIES>No</REMOVEZEROENTRIES>
<ISDEEMEDPOSITIVE>No</ISDEEMEDPOSITIVE>
<LEDGERFROMITEM>No</LEDGERFROMITEM>
<LEDGERNAME>CGST</LEDGERNAME>
<AMOUNT>198.0000000</AMOUNT>
</ALLLEDGERENTRIES.LIST>
<ALLLEDGERENTRIES.LIST>
<REMOVEZEROENTRIES>No</REMOVEZEROENTRIES>
<ISDEEMEDPOSITIVE>No</ISDEEMEDPOSITIVE>
<LEDGERFROMITEM>No</LEDGERFROMITEM>
<LEDGERNAME>SGST</LEDGERNAME>
<AMOUNT>198.0000000</AMOUNT>
</ALLLEDGERENTRIES.LIST>
<ALLLEDGERENTRIES.LIST>
<REMOVEZEROENTRIES>No</REMOVEZEROENTRIES>
<ISDEEMEDPOSITIVE>No</ISDEEMEDPOSITIVE>
<LEDGERFROMITEM>No</LEDGERFROMITEM>
<LEDGERNAME>Container Handling Services-Import-GST</LEDGERNAME>
<AMOUNT>30.000</AMOUNT>
</ALLLEDGERENTRIES.LIST>
<ALLLEDGERENTRIES.LIST>
<REMOVEZEROENTRIES>No</REMOVEZEROENTRIES>
<ISDEEMEDPOSITIVE>No</ISDEEMEDPOSITIVE>
<LEDGERFROMITEM>No</LEDGERFROMITEM>
<LEDGERNAME>CGST</LEDGERNAME>
<AMOUNT>2.7000000</AMOUNT>
</ALLLEDGERENTRIES.LIST>
<ALLLEDGERENTRIES.LIST>
<REMOVEZEROENTRIES>No</REMOVEZEROENTRIES>
<ISDEEMEDPOSITIVE>No</ISDEEMEDPOSITIVE>
<LEDGERFROMITEM>No</LEDGERFROMITEM>
<LEDGERNAME>SGST</LEDGERNAME>
<AMOUNT>2.7000000</AMOUNT>
</ALLLEDGERENTRIES.LIST>
<ALLLEDGERENTRIES.LIST>
<REMOVEZEROENTRIES>No</REMOVEZEROENTRIES>
<ISDEEMEDPOSITIVE>No</ISDEEMEDPOSITIVE>
<LEDGERFROMITEM>No</LEDGERFROMITEM>
<LEDGERNAME>Container Handling Services-Import-GST</LEDGERNAME>
<AMOUNT>400.000</AMOUNT>
</ALLLEDGERENTRIES.LIST>
<ALLLEDGERENTRIES.LIST>
<REMOVEZEROENTRIES>No</REMOVEZEROENTRIES>
<ISDEEMEDPOSITIVE>No</ISDEEMEDPOSITIVE>
<LEDGERFROMITEM>No</LEDGERFROMITEM>
<LEDGERNAME>CGST</LEDGERNAME>
<AMOUNT>36.0000000</AMOUNT>
</ALLLEDGERENTRIES.LIST>
<ALLLEDGERENTRIES.LIST>
<REMOVEZEROENTRIES>No</REMOVEZEROENTRIES>
<ISDEEMEDPOSITIVE>No</ISDEEMEDPOSITIVE>
<LEDGERFROMITEM>No</LEDGERFROMITEM>
<LEDGERNAME>SGST</LEDGERNAME>
<AMOUNT>36.0000000</AMOUNT>
</ALLLEDGERENTRIES.LIST>
<ALLLEDGERENTRIES.LIST>
<REMOVEZEROENTRIES>No</REMOVEZEROENTRIES>
<ISDEEMEDPOSITIVE>No</ISDEEMEDPOSITIVE>
<LEDGERFROMITEM>No</LEDGERFROMITEM>
<LEDGERNAME>Container Handling Services-Import-GST</LEDGERNAME>
<AMOUNT>1800.000</AMOUNT>
</ALLLEDGERENTRIES.LIST>
<ALLLEDGERENTRIES.LIST>
<REMOVEZEROENTRIES>No</REMOVEZEROENTRIES>
<ISDEEMEDPOSITIVE>No</ISDEEMEDPOSITIVE>
<LEDGERFROMITEM>No</LEDGERFROMITEM>
<LEDGERNAME>CGST</LEDGERNAME>
<AMOUNT>162.0000000</AMOUNT>
</ALLLEDGERENTRIES.LIST>
<ALLLEDGERENTRIES.LIST>
<REMOVEZEROENTRIES>No</REMOVEZEROENTRIES>
<ISDEEMEDPOSITIVE>No</ISDEEMEDPOSITIVE>
<LEDGERFROMITEM>No</LEDGERFROMITEM>
<LEDGERNAME>SGST</LEDGERNAME>
<AMOUNT>162.0000000</AMOUNT>
</ALLLEDGERENTRIES.LIST>
<ALLLEDGERENTRIES.LIST>
<REMOVEZEROENTRIES>No</REMOVEZEROENTRIES>
<ISDEEMEDPOSITIVE>No</ISDEEMEDPOSITIVE>
<LEDGERFROMITEM>No</LEDGERFROMITEM>
<LEDGERNAME>SHORT AND EXCESS</LEDGERNAME>
<AMOUNT>0.200</AMOUNT>
</ALLLEDGERENTRIES.LIST>
</VOUCHER>
<VOUCHER>
<ISOPTIONAL>No</ISOPTIONAL>
<USEFORGAINLOSS>No</USEFORGAINLOSS>
<USEFORCOMPOUND>No</USEFORCOMPOUND>
<VOUCHERTYPENAME>Sales-Import-CFSM</VOUCHERTYPENAME>
<DATE>20180326</DATE>
<EFFECTIVEDATE>20180326</EFFECTIVEDATE>
<ISCANCELLED>No</ISCANCELLED>
<USETRACKINGNUMBER>No</USETRACKINGNUMBER>
<ISPOSTDATED>No</ISPOSTDATED>
<ISINVOICE>No</ISINVOICE>
<DIFFACTUALQTY>No</DIFFACTUALQTY>
<VOUCHERNUMBER>ALSI016106/17-18</VOUCHERNUMBER>
<PARTYLEDGERNAME>KERRY INDEV LOGISTICS PVT LTD</PARTYLEDGERNAME>
<NARRATION>Being amount debited towards IGM No: 2190495, BL NO: SHOR0275816, Importer: VESTAS WIND TECH INDIA PVT LTD, VOY NO: 1, Vessel: APL CHARLESTON, LINER: Hapag OffDocTHC-Hapag LLoyd India Pvt. Ltd. and containers:  1 X 40, Invoice No: ALSI016106/17-18</NARRATION>
<ALLLEDGERENTRIES.LIST>
<REMOVEZEROENTRIES>No</REMOVEZEROENTRIES>
<ISDEEMEDPOSITIVE>Yes</ISDEEMEDPOSITIVE>
<LEDGERFROMITEM>No</LEDGERFROMITEM>
<LEDGERNAME>KERRY INDEV LOGISTICS PVT LTD</LEDGERNAME>
<AMOUNT>-33701.000</AMOUNT>
<BILLALLOCATIONS.LIST>
<NAME>ALSI016106/17-18</NAME>
<BILLTYPE>New Ref</BILLTYPE>
<AMOUNT>-33701.000</AMOUNT>
</BILLALLOCATIONS.LIST>
</ALLLEDGERENTRIES.LIST>
<ALLLEDGERENTRIES.LIST>
<REMOVEZEROENTRIES>No</REMOVEZEROENTRIES>
<ISDEEMEDPOSITIVE>No</ISDEEMEDPOSITIVE>
<LEDGERFROMITEM>No</LEDGERFROMITEM>
<LEDGERNAME>Container Handling Services-Import-GST</LEDGERNAME>
<AMOUNT>11780.000</AMOUNT>
</ALLLEDGERENTRIES.LIST>
<ALLLEDGERENTRIES.LIST>
<REMOVEZEROENTRIES>No</REMOVEZEROENTRIES>
<ISDEEMEDPOSITIVE>No</ISDEEMEDPOSITIVE>
<LEDGERFROMITEM>No</LEDGERFROMITEM>
<LEDGERNAME>CGST</LEDGERNAME>
<AMOUNT>1060.2000000</AMOUNT>
</ALLLEDGERENTRIES.LIST>
<ALLLEDGERENTRIES.LIST>
<REMOVEZEROENTRIES>No</REMOVEZEROENTRIES>
<ISDEEMEDPOSITIVE>No</ISDEEMEDPOSITIVE>
<LEDGERFROMITEM>No</LEDGERFROMITEM>
<LEDGERNAME>SGST</LEDGERNAME>
<AMOUNT>1060.2000000</AMOUNT>
</ALLLEDGERENTRIES.LIST>
<ALLLEDGERENTRIES.LIST>
<REMOVEZEROENTRIES>No</REMOVEZEROENTRIES>
<ISDEEMEDPOSITIVE>No</ISDEEMEDPOSITIVE>
<LEDGERFROMITEM>No</LEDGERFROMITEM>
<LEDGERNAME>Container Handling Services-Import-GST</LEDGERNAME>
<AMOUNT>2000.000</AMOUNT>
</ALLLEDGERENTRIES.LIST>
<ALLLEDGERENTRIES.LIST>
<REMOVEZEROENTRIES>No</REMOVEZEROENTRIES>
<ISDEEMEDPOSITIVE>No</ISDEEMEDPOSITIVE>
<LEDGERFROMITEM>No</LEDGERFROMITEM>
<LEDGERNAME>CGST</LEDGERNAME>
<AMOUNT>180.0000000</AMOUNT>
</ALLLEDGERENTRIES.LIST>
<ALLLEDGERENTRIES.LIST>
<REMOVEZEROENTRIES>No</REMOVEZEROENTRIES>
<ISDEEMEDPOSITIVE>No</ISDEEMEDPOSITIVE>
<LEDGERFROMITEM>No</LEDGERFROMITEM>
<LEDGERNAME>SGST</LEDGERNAME>
<AMOUNT>180.0000000</AMOUNT>
</ALLLEDGERENTRIES.LIST>
<ALLLEDGERENTRIES.LIST>
<REMOVEZEROENTRIES>No</REMOVEZEROENTRIES>
<ISDEEMEDPOSITIVE>No</ISDEEMEDPOSITIVE>
<LEDGERFROMITEM>No</LEDGERFROMITEM>
<LEDGERNAME>Other Storage and Warehousing Services-Import-GST</LEDGERNAME>
<AMOUNT>3600.000</AMOUNT>
</ALLLEDGERENTRIES.LIST>
<ALLLEDGERENTRIES.LIST>
<REMOVEZEROENTRIES>No</REMOVEZEROENTRIES>
<ISDEEMEDPOSITIVE>No</ISDEEMEDPOSITIVE>
<LEDGERFROMITEM>No</LEDGERFROMITEM>
<LEDGERNAME>CGST</LEDGERNAME>
<AMOUNT>324.0000000</AMOUNT>
</ALLLEDGERENTRIES.LIST>
<ALLLEDGERENTRIES.LIST>
<REMOVEZEROENTRIES>No</REMOVEZEROENTRIES>
<ISDEEMEDPOSITIVE>No</ISDEEMEDPOSITIVE>
<LEDGERFROMITEM>No</LEDGERFROMITEM>
<LEDGERNAME>SGST</LEDGERNAME>
<AMOUNT>324.0000000</AMOUNT>
</ALLLEDGERENTRIES.LIST>
<ALLLEDGERENTRIES.LIST>
<REMOVEZEROENTRIES>No</REMOVEZEROENTRIES>
<ISDEEMEDPOSITIVE>No</ISDEEMEDPOSITIVE>
<LEDGERFROMITEM>No</LEDGERFROMITEM>
<LEDGERNAME>Other Storage and Warehousing Services-Import-GST</LEDGERNAME>
<AMOUNT>5000.000</AMOUNT>
</ALLLEDGERENTRIES.LIST>
<ALLLEDGERENTRIES.LIST>
<REMOVEZEROENTRIES>No</REMOVEZEROENTRIES>
<ISDEEMEDPOSITIVE>No</ISDEEMEDPOSITIVE>
<LEDGERFROMITEM>No</LEDGERFROMITEM>
<LEDGERNAME>CGST</LEDGERNAME>
<AMOUNT>450.0000000</AMOUNT>
</ALLLEDGERENTRIES.LIST>
<ALLLEDGERENTRIES.LIST>
<REMOVEZEROENTRIES>No</REMOVEZEROENTRIES>
<ISDEEMEDPOSITIVE>No</ISDEEMEDPOSITIVE>
<LEDGERFROMITEM>No</LEDGERFROMITEM>
<LEDGERNAME>SGST</LEDGERNAME>
<AMOUNT>450.0000000</AMOUNT>
</ALLLEDGERENTRIES.LIST>
<ALLLEDGERENTRIES.LIST>
<REMOVEZEROENTRIES>No</REMOVEZEROENTRIES>
<ISDEEMEDPOSITIVE>No</ISDEEMEDPOSITIVE>
<LEDGERFROMITEM>No</LEDGERFROMITEM>
<LEDGERNAME>Other Storage and Warehousing Services-Import-GST</LEDGERNAME>
<AMOUNT>1700.000</AMOUNT>
</ALLLEDGERENTRIES.LIST>
<ALLLEDGERENTRIES.LIST>
<REMOVEZEROENTRIES>No</REMOVEZEROENTRIES>
<ISDEEMEDPOSITIVE>No</ISDEEMEDPOSITIVE>
<LEDGERFROMITEM>No</LEDGERFROMITEM>
<LEDGERNAME>CGST</LEDGERNAME>
<AMOUNT>153.0000000</AMOUNT>
</ALLLEDGERENTRIES.LIST>
<ALLLEDGERENTRIES.LIST>
<REMOVEZEROENTRIES>No</REMOVEZEROENTRIES>
<ISDEEMEDPOSITIVE>No</ISDEEMEDPOSITIVE>
<LEDGERFROMITEM>No</LEDGERFROMITEM>
<LEDGERNAME>SGST</LEDGERNAME>
<AMOUNT>153.0000000</AMOUNT>
</ALLLEDGERENTRIES.LIST>
<ALLLEDGERENTRIES.LIST>
<REMOVEZEROENTRIES>No</REMOVEZEROENTRIES>
<ISDEEMEDPOSITIVE>No</ISDEEMEDPOSITIVE>
<LEDGERFROMITEM>No</LEDGERFROMITEM>
<LEDGERNAME>Container Handling Services-Import-GST</LEDGERNAME>
<AMOUNT>2200.000</AMOUNT>
</ALLLEDGERENTRIES.LIST>
<ALLLEDGERENTRIES.LIST>
<REMOVEZEROENTRIES>No</REMOVEZEROENTRIES>
<ISDEEMEDPOSITIVE>No</ISDEEMEDPOSITIVE>
<LEDGERFROMITEM>No</LEDGERFROMITEM>
<LEDGERNAME>CGST</LEDGERNAME>
<AMOUNT>198.0000000</AMOUNT>
</ALLLEDGERENTRIES.LIST>
<ALLLEDGERENTRIES.LIST>
<REMOVEZEROENTRIES>No</REMOVEZEROENTRIES>
<ISDEEMEDPOSITIVE>No</ISDEEMEDPOSITIVE>
<LEDGERFROMITEM>No</LEDGERFROMITEM>
<LEDGERNAME>SGST</LEDGERNAME>
<AMOUNT>198.0000000</AMOUNT>
</ALLLEDGERENTRIES.LIST>
<ALLLEDGERENTRIES.LIST>
<REMOVEZEROENTRIES>No</REMOVEZEROENTRIES>
<ISDEEMEDPOSITIVE>No</ISDEEMEDPOSITIVE>
<LEDGERFROMITEM>No</LEDGERFROMITEM>
<LEDGERNAME>Container Handling Services-Import-GST</LEDGERNAME>
<AMOUNT>50.000</AMOUNT>
</ALLLEDGERENTRIES.LIST>
<ALLLEDGERENTRIES.LIST>
<REMOVEZEROENTRIES>No</REMOVEZEROENTRIES>
<ISDEEMEDPOSITIVE>No</ISDEEMEDPOSITIVE>
<LEDGERFROMITEM>No</LEDGERFROMITEM>
<LEDGERNAME>CGST</LEDGERNAME>
<AMOUNT>4.5000000</AMOUNT>
</ALLLEDGERENTRIES.LIST>
<ALLLEDGERENTRIES.LIST>
<REMOVEZEROENTRIES>No</REMOVEZEROENTRIES>
<ISDEEMEDPOSITIVE>No</ISDEEMEDPOSITIVE>
<LEDGERFROMITEM>No</LEDGERFROMITEM>
<LEDGERNAME>SGST</LEDGERNAME>
<AMOUNT>4.5000000</AMOUNT>
</ALLLEDGERENTRIES.LIST>
<ALLLEDGERENTRIES.LIST>
<REMOVEZEROENTRIES>No</REMOVEZEROENTRIES>
<ISDEEMEDPOSITIVE>No</ISDEEMEDPOSITIVE>
<LEDGERFROMITEM>No</LEDGERFROMITEM>
<LEDGERNAME>Container Handling Services-Import-GST</LEDGERNAME>
<AMOUNT>30.000</AMOUNT>
</ALLLEDGERENTRIES.LIST>
<ALLLEDGERENTRIES.LIST>
<REMOVEZEROENTRIES>No</REMOVEZEROENTRIES>
<ISDEEMEDPOSITIVE>No</ISDEEMEDPOSITIVE>
<LEDGERFROMITEM>No</LEDGERFROMITEM>
<LEDGERNAME>CGST</LEDGERNAME>
<AMOUNT>2.7000000</AMOUNT>
</ALLLEDGERENTRIES.LIST>
<ALLLEDGERENTRIES.LIST>
<REMOVEZEROENTRIES>No</REMOVEZEROENTRIES>
<ISDEEMEDPOSITIVE>No</ISDEEMEDPOSITIVE>
<LEDGERFROMITEM>No</LEDGERFROMITEM>
<LEDGERNAME>SGST</LEDGERNAME>
<AMOUNT>2.7000000</AMOUNT>
</ALLLEDGERENTRIES.LIST>
<ALLLEDGERENTRIES.LIST>
<REMOVEZEROENTRIES>No</REMOVEZEROENTRIES>
<ISDEEMEDPOSITIVE>No</ISDEEMEDPOSITIVE>
<LEDGERFROMITEM>No</LEDGERFROMITEM>
<LEDGERNAME>Container Handling Services-Import-GST</LEDGERNAME>
<AMOUNT>400.000</AMOUNT>
</ALLLEDGERENTRIES.LIST>
<ALLLEDGERENTRIES.LIST>
<REMOVEZEROENTRIES>No</REMOVEZEROENTRIES>
<ISDEEMEDPOSITIVE>No</ISDEEMEDPOSITIVE>
<LEDGERFROMITEM>No</LEDGERFROMITEM>
<LEDGERNAME>CGST</LEDGERNAME>
<AMOUNT>36.0000000</AMOUNT>
</ALLLEDGERENTRIES.LIST>
<ALLLEDGERENTRIES.LIST>
<REMOVEZEROENTRIES>No</REMOVEZEROENTRIES>
<ISDEEMEDPOSITIVE>No</ISDEEMEDPOSITIVE>
<LEDGERFROMITEM>No</LEDGERFROMITEM>
<LEDGERNAME>SGST</LEDGERNAME>
<AMOUNT>36.0000000</AMOUNT>
</ALLLEDGERENTRIES.LIST>
<ALLLEDGERENTRIES.LIST>
<REMOVEZEROENTRIES>No</REMOVEZEROENTRIES>
<ISDEEMEDPOSITIVE>No</ISDEEMEDPOSITIVE>
<LEDGERFROMITEM>No</LEDGERFROMITEM>
<LEDGERNAME>Container Handling Services-Import-GST</LEDGERNAME>
<AMOUNT>1800.000</AMOUNT>
</ALLLEDGERENTRIES.LIST>
<ALLLEDGERENTRIES.LIST>
<REMOVEZEROENTRIES>No</REMOVEZEROENTRIES>
<ISDEEMEDPOSITIVE>No</ISDEEMEDPOSITIVE>
<LEDGERFROMITEM>No</LEDGERFROMITEM>
<LEDGERNAME>CGST</LEDGERNAME>
<AMOUNT>162.0000000</AMOUNT>
</ALLLEDGERENTRIES.LIST>
<ALLLEDGERENTRIES.LIST>
<REMOVEZEROENTRIES>No</REMOVEZEROENTRIES>
<ISDEEMEDPOSITIVE>No</ISDEEMEDPOSITIVE>
<LEDGERFROMITEM>No</LEDGERFROMITEM>
<LEDGERNAME>SGST</LEDGERNAME>
<AMOUNT>162.0000000</AMOUNT>
</ALLLEDGERENTRIES.LIST>
<ALLLEDGERENTRIES.LIST>
<REMOVEZEROENTRIES>No</REMOVEZEROENTRIES>
<ISDEEMEDPOSITIVE>No</ISDEEMEDPOSITIVE>
<LEDGERFROMITEM>No</LEDGERFROMITEM>
<LEDGERNAME>SHORT AND EXCESS</LEDGERNAME>
<AMOUNT>0.200</AMOUNT>
</ALLLEDGERENTRIES.LIST>
</VOUCHER>
<VOUCHER>
<ISOPTIONAL>No</ISOPTIONAL>
<USEFORGAINLOSS>No</USEFORGAINLOSS>
<USEFORCOMPOUND>No</USEFORCOMPOUND>
<VOUCHERTYPENAME>Sales-Import-CFSM</VOUCHERTYPENAME>
<DATE>20180326</DATE>
<EFFECTIVEDATE>20180326</EFFECTIVEDATE>
<ISCANCELLED>No</ISCANCELLED>
<USETRACKINGNUMBER>No</USETRACKINGNUMBER>
<ISPOSTDATED>No</ISPOSTDATED>
<ISINVOICE>No</ISINVOICE>
<DIFFACTUALQTY>No</DIFFACTUALQTY>
<VOUCHERNUMBER>ALSI016105/17-18</VOUCHERNUMBER>
<PARTYLEDGERNAME>3D ALPHA PLASTCHEM</PARTYLEDGERNAME>
<NARRATION>Being amount debited towards IGM No: 2190288, BL NO: EFN18020061, Importer: 3D ALPHA PLASTCHEM, VOY NO: 151, Vessel: JPO TAURUS, LINER: WAN HAI LINE and containers:  1 X 20, Invoice No: ALSI016105/17-18</NARRATION>
<ALLLEDGERENTRIES.LIST>
<REMOVEZEROENTRIES>No</REMOVEZEROENTRIES>
<ISDEEMEDPOSITIVE>Yes</ISDEEMEDPOSITIVE>
<LEDGERFROMITEM>No</LEDGERFROMITEM>
<LEDGERNAME>3D ALPHA PLASTCHEM</LEDGERNAME>
<AMOUNT>-13800.000</AMOUNT>
<BILLALLOCATIONS.LIST>
<NAME>ALSI016105/17-18</NAME>
<BILLTYPE>New Ref</BILLTYPE>
<AMOUNT>-13800.000</AMOUNT>
</BILLALLOCATIONS.LIST>
</ALLLEDGERENTRIES.LIST>
<ALLLEDGERENTRIES.LIST>
<REMOVEZEROENTRIES>No</REMOVEZEROENTRIES>
<ISDEEMEDPOSITIVE>No</ISDEEMEDPOSITIVE>
<LEDGERFROMITEM>No</LEDGERFROMITEM>
<LEDGERNAME>Container Handling Services-Import-GST</LEDGERNAME>
<AMOUNT>5865.000</AMOUNT>
</ALLLEDGERENTRIES.LIST>
<ALLLEDGERENTRIES.LIST>
<REMOVEZEROENTRIES>No</REMOVEZEROENTRIES>
<ISDEEMEDPOSITIVE>No</ISDEEMEDPOSITIVE>
<LEDGERFROMITEM>No</LEDGERFROMITEM>
<LEDGERNAME>CGST</LEDGERNAME>
<AMOUNT>527.8500000</AMOUNT>
</ALLLEDGERENTRIES.LIST>
<ALLLEDGERENTRIES.LIST>
<REMOVEZEROENTRIES>No</REMOVEZEROENTRIES>
<ISDEEMEDPOSITIVE>No</ISDEEMEDPOSITIVE>
<LEDGERFROMITEM>No</LEDGERFROMITEM>
<LEDGERNAME>SGST</LEDGERNAME>
<AMOUNT>527.8500000</AMOUNT>
</ALLLEDGERENTRIES.LIST>
<ALLLEDGERENTRIES.LIST>
<REMOVEZEROENTRIES>No</REMOVEZEROENTRIES>
<ISDEEMEDPOSITIVE>No</ISDEEMEDPOSITIVE>
<LEDGERFROMITEM>No</LEDGERFROMITEM>
<LEDGERNAME>Container Handling Services-Import-GST</LEDGERNAME>
<AMOUNT>1000.000</AMOUNT>
</ALLLEDGERENTRIES.LIST>
<ALLLEDGERENTRIES.LIST>
<REMOVEZEROENTRIES>No</REMOVEZEROENTRIES>
<ISDEEMEDPOSITIVE>No</ISDEEMEDPOSITIVE>
<LEDGERFROMITEM>No</LEDGERFROMITEM>
<LEDGERNAME>CGST</LEDGERNAME>
<AMOUNT>90.0000000</AMOUNT>
</ALLLEDGERENTRIES.LIST>
<ALLLEDGERENTRIES.LIST>
<REMOVEZEROENTRIES>No</REMOVEZEROENTRIES>
<ISDEEMEDPOSITIVE>No</ISDEEMEDPOSITIVE>
<LEDGERFROMITEM>No</LEDGERFROMITEM>
<LEDGERNAME>SGST</LEDGERNAME>
<AMOUNT>90.0000000</AMOUNT>
</ALLLEDGERENTRIES.LIST>
<ALLLEDGERENTRIES.LIST>
<REMOVEZEROENTRIES>No</REMOVEZEROENTRIES>
<ISDEEMEDPOSITIVE>No</ISDEEMEDPOSITIVE>
<LEDGERFROMITEM>No</LEDGERFROMITEM>
<LEDGERNAME>Other Storage and Warehousing Services-Import-GST</LEDGERNAME>
<AMOUNT>1350.000</AMOUNT>
</ALLLEDGERENTRIES.LIST>
<ALLLEDGERENTRIES.LIST>
<REMOVEZEROENTRIES>No</REMOVEZEROENTRIES>
<ISDEEMEDPOSITIVE>No</ISDEEMEDPOSITIVE>
<LEDGERFROMITEM>No</LEDGERFROMITEM>
<LEDGERNAME>CGST</LEDGERNAME>
<AMOUNT>121.5000000</AMOUNT>
</ALLLEDGERENTRIES.LIST>
<ALLLEDGERENTRIES.LIST>
<REMOVEZEROENTRIES>No</REMOVEZEROENTRIES>
<ISDEEMEDPOSITIVE>No</ISDEEMEDPOSITIVE>
<LEDGERFROMITEM>No</LEDGERFROMITEM>
<LEDGERNAME>SGST</LEDGERNAME>
<AMOUNT>121.5000000</AMOUNT>
</ALLLEDGERENTRIES.LIST>
<ALLLEDGERENTRIES.LIST>
<REMOVEZEROENTRIES>No</REMOVEZEROENTRIES>
<ISDEEMEDPOSITIVE>No</ISDEEMEDPOSITIVE>
<LEDGERFROMITEM>No</LEDGERFROMITEM>
<LEDGERNAME>Container Handling Services-Import-GST</LEDGERNAME>
<AMOUNT>1100.000</AMOUNT>
</ALLLEDGERENTRIES.LIST>
<ALLLEDGERENTRIES.LIST>
<REMOVEZEROENTRIES>No</REMOVEZEROENTRIES>
<ISDEEMEDPOSITIVE>No</ISDEEMEDPOSITIVE>
<LEDGERFROMITEM>No</LEDGERFROMITEM>
<LEDGERNAME>CGST</LEDGERNAME>
<AMOUNT>99.0000000</AMOUNT>
</ALLLEDGERENTRIES.LIST>
<ALLLEDGERENTRIES.LIST>
<REMOVEZEROENTRIES>No</REMOVEZEROENTRIES>
<ISDEEMEDPOSITIVE>No</ISDEEMEDPOSITIVE>
<LEDGERFROMITEM>No</LEDGERFROMITEM>
<LEDGERNAME>SGST</LEDGERNAME>
<AMOUNT>99.0000000</AMOUNT>
</ALLLEDGERENTRIES.LIST>
<ALLLEDGERENTRIES.LIST>
<REMOVEZEROENTRIES>No</REMOVEZEROENTRIES>
<ISDEEMEDPOSITIVE>No</ISDEEMEDPOSITIVE>
<LEDGERFROMITEM>No</LEDGERFROMITEM>
<LEDGERNAME>Container Handling Services-Import-GST</LEDGERNAME>
<AMOUNT>50.000</AMOUNT>
</ALLLEDGERENTRIES.LIST>
<ALLLEDGERENTRIES.LIST>
<REMOVEZEROENTRIES>No</REMOVEZEROENTRIES>
<ISDEEMEDPOSITIVE>No</ISDEEMEDPOSITIVE>
<LEDGERFROMITEM>No</LEDGERFROMITEM>
<LEDGERNAME>CGST</LEDGERNAME>
<AMOUNT>4.5000000</AMOUNT>
</ALLLEDGERENTRIES.LIST>
<ALLLEDGERENTRIES.LIST>
<REMOVEZEROENTRIES>No</REMOVEZEROENTRIES>
<ISDEEMEDPOSITIVE>No</ISDEEMEDPOSITIVE>
<LEDGERFROMITEM>No</LEDGERFROMITEM>
<LEDGERNAME>SGST</LEDGERNAME>
<AMOUNT>4.5000000</AMOUNT>
</ALLLEDGERENTRIES.LIST>
<ALLLEDGERENTRIES.LIST>
<REMOVEZEROENTRIES>No</REMOVEZEROENTRIES>
<ISDEEMEDPOSITIVE>No</ISDEEMEDPOSITIVE>
<LEDGERFROMITEM>No</LEDGERFROMITEM>
<LEDGERNAME>Container Handling Services-Import-GST</LEDGERNAME>
<AMOUNT>1000.000</AMOUNT>
</ALLLEDGERENTRIES.LIST>
<ALLLEDGERENTRIES.LIST>
<REMOVEZEROENTRIES>No</REMOVEZEROENTRIES>
<ISDEEMEDPOSITIVE>No</ISDEEMEDPOSITIVE>
<LEDGERFROMITEM>No</LEDGERFROMITEM>
<LEDGERNAME>CGST</LEDGERNAME>
<AMOUNT>90.0000000</AMOUNT>
</ALLLEDGERENTRIES.LIST>
<ALLLEDGERENTRIES.LIST>
<REMOVEZEROENTRIES>No</REMOVEZEROENTRIES>
<ISDEEMEDPOSITIVE>No</ISDEEMEDPOSITIVE>
<LEDGERFROMITEM>No</LEDGERFROMITEM>
<LEDGERNAME>SGST</LEDGERNAME>
<AMOUNT>90.0000000</AMOUNT>
</ALLLEDGERENTRIES.LIST>
<ALLLEDGERENTRIES.LIST>
<REMOVEZEROENTRIES>No</REMOVEZEROENTRIES>
<ISDEEMEDPOSITIVE>No</ISDEEMEDPOSITIVE>
<LEDGERFROMITEM>No</LEDGERFROMITEM>
<LEDGERNAME>Container Handling Services-Import-GST</LEDGERNAME>
<AMOUNT>30.000</AMOUNT>
</ALLLEDGERENTRIES.LIST>
<ALLLEDGERENTRIES.LIST>
<REMOVEZEROENTRIES>No</REMOVEZEROENTRIES>
<ISDEEMEDPOSITIVE>No</ISDEEMEDPOSITIVE>
<LEDGERFROMITEM>No</LEDGERFROMITEM>
<LEDGERNAME>CGST</LEDGERNAME>
<AMOUNT>2.7000000</AMOUNT>
</ALLLEDGERENTRIES.LIST>
<ALLLEDGERENTRIES.LIST>
<REMOVEZEROENTRIES>No</REMOVEZEROENTRIES>
<ISDEEMEDPOSITIVE>No</ISDEEMEDPOSITIVE>
<LEDGERFROMITEM>No</LEDGERFROMITEM>
<LEDGERNAME>SGST</LEDGERNAME>
<AMOUNT>2.7000000</AMOUNT>
</ALLLEDGERENTRIES.LIST>
<ALLLEDGERENTRIES.LIST>
<REMOVEZEROENTRIES>No</REMOVEZEROENTRIES>
<ISDEEMEDPOSITIVE>No</ISDEEMEDPOSITIVE>
<LEDGERFROMITEM>No</LEDGERFROMITEM>
<LEDGERNAME>Container Handling Services-Import-GST</LEDGERNAME>
<AMOUNT>400.000</AMOUNT>
</ALLLEDGERENTRIES.LIST>
<ALLLEDGERENTRIES.LIST>
<REMOVEZEROENTRIES>No</REMOVEZEROENTRIES>
<ISDEEMEDPOSITIVE>No</ISDEEMEDPOSITIVE>
<LEDGERFROMITEM>No</LEDGERFROMITEM>
<LEDGERNAME>CGST</LEDGERNAME>
<AMOUNT>36.0000000</AMOUNT>
</ALLLEDGERENTRIES.LIST>
<ALLLEDGERENTRIES.LIST>
<REMOVEZEROENTRIES>No</REMOVEZEROENTRIES>
<ISDEEMEDPOSITIVE>No</ISDEEMEDPOSITIVE>
<LEDGERFROMITEM>No</LEDGERFROMITEM>
<LEDGERNAME>SGST</LEDGERNAME>
<AMOUNT>36.0000000</AMOUNT>
</ALLLEDGERENTRIES.LIST>
<ALLLEDGERENTRIES.LIST>
<REMOVEZEROENTRIES>No</REMOVEZEROENTRIES>
<ISDEEMEDPOSITIVE>No</ISDEEMEDPOSITIVE>
<LEDGERFROMITEM>No</LEDGERFROMITEM>
<LEDGERNAME>Container Handling Services-Import-GST</LEDGERNAME>
<AMOUNT>900.000</AMOUNT>
</ALLLEDGERENTRIES.LIST>
<ALLLEDGERENTRIES.LIST>
<REMOVEZEROENTRIES>No</REMOVEZEROENTRIES>
<ISDEEMEDPOSITIVE>No</ISDEEMEDPOSITIVE>
<LEDGERFROMITEM>No</LEDGERFROMITEM>
<LEDGERNAME>CGST</LEDGERNAME>
<AMOUNT>81.0000000</AMOUNT>
</ALLLEDGERENTRIES.LIST>
<ALLLEDGERENTRIES.LIST>
<REMOVEZEROENTRIES>No</REMOVEZEROENTRIES>
<ISDEEMEDPOSITIVE>No</ISDEEMEDPOSITIVE>
<LEDGERFROMITEM>No</LEDGERFROMITEM>
<LEDGERNAME>SGST</LEDGERNAME>
<AMOUNT>81.0000000</AMOUNT>
</ALLLEDGERENTRIES.LIST>
<ALLLEDGERENTRIES.LIST>
<REMOVEZEROENTRIES>No</REMOVEZEROENTRIES>
<ISDEEMEDPOSITIVE>No</ISDEEMEDPOSITIVE>
<LEDGERFROMITEM>No</LEDGERFROMITEM>
<LEDGERNAME>SHORT AND EXCESS</LEDGERNAME>
<AMOUNT>-0.100</AMOUNT>
</ALLLEDGERENTRIES.LIST>
</VOUCHER>
<VOUCHER>
<ISOPTIONAL>No</ISOPTIONAL>
<USEFORGAINLOSS>No</USEFORGAINLOSS>
<USEFORCOMPOUND>No</USEFORCOMPOUND>
<VOUCHERTYPENAME>Sales-Import-CFSM</VOUCHERTYPENAME>
<DATE>20180326</DATE>
<EFFECTIVEDATE>20180326</EFFECTIVEDATE>
<ISCANCELLED>No</ISCANCELLED>
<USETRACKINGNUMBER>No</USETRACKINGNUMBER>
<ISPOSTDATED>No</ISPOSTDATED>
<ISINVOICE>No</ISINVOICE>
<DIFFACTUALQTY>No</DIFFACTUALQTY>
<VOUCHERNUMBER>ALSI016107/17-18</VOUCHERNUMBER>
<PARTYLEDGERNAME>COVESTRO INDIA PVT LTD</PARTYLEDGERNAME>
<NARRATION>Being amount debited towards IGM No: 2190288, BL NO: 0278527590, Importer: COVESTRO (INDIA) PRIVATE LIMITED, VOY NO: 151, Vessel: JPO TAURUS, LINER: Wan Hai Lines Ltd and containers:  1 X 20, Invoice No: ALSI016107/17-18</NARRATION>
<ALLLEDGERENTRIES.LIST>
<REMOVEZEROENTRIES>No</REMOVEZEROENTRIES>
<ISDEEMEDPOSITIVE>Yes</ISDEEMEDPOSITIVE>
<LEDGERFROMITEM>No</LEDGERFROMITEM>
<LEDGERNAME>COVESTRO INDIA PVT LTD</LEDGERNAME>
<AMOUNT>-17930.000</AMOUNT>
<BILLALLOCATIONS.LIST>
<NAME>ALSI016107/17-18</NAME>
<BILLTYPE>New Ref</BILLTYPE>
<AMOUNT>-17930.000</AMOUNT>
</BILLALLOCATIONS.LIST>
</ALLLEDGERENTRIES.LIST>
<ALLLEDGERENTRIES.LIST>
<REMOVEZEROENTRIES>No</REMOVEZEROENTRIES>
<ISDEEMEDPOSITIVE>No</ISDEEMEDPOSITIVE>
<LEDGERFROMITEM>No</LEDGERFROMITEM>
<LEDGERNAME>Container Handling Services-Import-GST</LEDGERNAME>
<AMOUNT>11365.000</AMOUNT>
</ALLLEDGERENTRIES.LIST>
<ALLLEDGERENTRIES.LIST>
<REMOVEZEROENTRIES>No</REMOVEZEROENTRIES>
<ISDEEMEDPOSITIVE>No</ISDEEMEDPOSITIVE>
<LEDGERFROMITEM>No</LEDGERFROMITEM>
<LEDGERNAME>CGST</LEDGERNAME>
<AMOUNT>1022.8500000</AMOUNT>
</ALLLEDGERENTRIES.LIST>
<ALLLEDGERENTRIES.LIST>
<REMOVEZEROENTRIES>No</REMOVEZEROENTRIES>
<ISDEEMEDPOSITIVE>No</ISDEEMEDPOSITIVE>
<LEDGERFROMITEM>No</LEDGERFROMITEM>
<LEDGERNAME>SGST</LEDGERNAME>
<AMOUNT>1022.8500000</AMOUNT>
</ALLLEDGERENTRIES.LIST>
<ALLLEDGERENTRIES.LIST>
<REMOVEZEROENTRIES>No</REMOVEZEROENTRIES>
<ISDEEMEDPOSITIVE>No</ISDEEMEDPOSITIVE>
<LEDGERFROMITEM>No</LEDGERFROMITEM>
<LEDGERNAME>Other Storage and Warehousing Services-Import-GST</LEDGERNAME>
<AMOUNT>1350.000</AMOUNT>
</ALLLEDGERENTRIES.LIST>
<ALLLEDGERENTRIES.LIST>
<REMOVEZEROENTRIES>No</REMOVEZEROENTRIES>
<ISDEEMEDPOSITIVE>No</ISDEEMEDPOSITIVE>
<LEDGERFROMITEM>No</LEDGERFROMITEM>
<LEDGERNAME>CGST</LEDGERNAME>
<AMOUNT>121.5000000</AMOUNT>
</ALLLEDGERENTRIES.LIST>
<ALLLEDGERENTRIES.LIST>
<REMOVEZEROENTRIES>No</REMOVEZEROENTRIES>
<ISDEEMEDPOSITIVE>No</ISDEEMEDPOSITIVE>
<LEDGERFROMITEM>No</LEDGERFROMITEM>
<LEDGERNAME>SGST</LEDGERNAME>
<AMOUNT>121.5000000</AMOUNT>
</ALLLEDGERENTRIES.LIST>
<ALLLEDGERENTRIES.LIST>
<REMOVEZEROENTRIES>No</REMOVEZEROENTRIES>
<ISDEEMEDPOSITIVE>No</ISDEEMEDPOSITIVE>
<LEDGERFROMITEM>No</LEDGERFROMITEM>
<LEDGERNAME>Container Handling Services-Import-GST</LEDGERNAME>
<AMOUNT>1100.000</AMOUNT>
</ALLLEDGERENTRIES.LIST>
<ALLLEDGERENTRIES.LIST>
<REMOVEZEROENTRIES>No</REMOVEZEROENTRIES>
<ISDEEMEDPOSITIVE>No</ISDEEMEDPOSITIVE>
<LEDGERFROMITEM>No</LEDGERFROMITEM>
<LEDGERNAME>CGST</LEDGERNAME>
<AMOUNT>99.0000000</AMOUNT>
</ALLLEDGERENTRIES.LIST>
<ALLLEDGERENTRIES.LIST>
<REMOVEZEROENTRIES>No</REMOVEZEROENTRIES>
<ISDEEMEDPOSITIVE>No</ISDEEMEDPOSITIVE>
<LEDGERFROMITEM>No</LEDGERFROMITEM>
<LEDGERNAME>SGST</LEDGERNAME>
<AMOUNT>99.0000000</AMOUNT>
</ALLLEDGERENTRIES.LIST>
<ALLLEDGERENTRIES.LIST>
<REMOVEZEROENTRIES>No</REMOVEZEROENTRIES>
<ISDEEMEDPOSITIVE>No</ISDEEMEDPOSITIVE>
<LEDGERFROMITEM>No</LEDGERFROMITEM>
<LEDGERNAME>Container Handling Services-Import-GST</LEDGERNAME>
<AMOUNT>50.000</AMOUNT>
</ALLLEDGERENTRIES.LIST>
<ALLLEDGERENTRIES.LIST>
<REMOVEZEROENTRIES>No</REMOVEZEROENTRIES>
<ISDEEMEDPOSITIVE>No</ISDEEMEDPOSITIVE>
<LEDGERFROMITEM>No</LEDGERFROMITEM>
<LEDGERNAME>CGST</LEDGERNAME>
<AMOUNT>4.5000000</AMOUNT>
</ALLLEDGERENTRIES.LIST>
<ALLLEDGERENTRIES.LIST>
<REMOVEZEROENTRIES>No</REMOVEZEROENTRIES>
<ISDEEMEDPOSITIVE>No</ISDEEMEDPOSITIVE>
<LEDGERFROMITEM>No</LEDGERFROMITEM>
<LEDGERNAME>SGST</LEDGERNAME>
<AMOUNT>4.5000000</AMOUNT>
</ALLLEDGERENTRIES.LIST>
<ALLLEDGERENTRIES.LIST>
<REMOVEZEROENTRIES>No</REMOVEZEROENTRIES>
<ISDEEMEDPOSITIVE>No</ISDEEMEDPOSITIVE>
<LEDGERFROMITEM>No</LEDGERFROMITEM>
<LEDGERNAME>Container Handling Services-Import-GST</LEDGERNAME>
<AMOUNT>30.000</AMOUNT>
</ALLLEDGERENTRIES.LIST>
<ALLLEDGERENTRIES.LIST>
<REMOVEZEROENTRIES>No</REMOVEZEROENTRIES>
<ISDEEMEDPOSITIVE>No</ISDEEMEDPOSITIVE>
<LEDGERFROMITEM>No</LEDGERFROMITEM>
<LEDGERNAME>CGST</LEDGERNAME>
<AMOUNT>2.7000000</AMOUNT>
</ALLLEDGERENTRIES.LIST>
<ALLLEDGERENTRIES.LIST>
<REMOVEZEROENTRIES>No</REMOVEZEROENTRIES>
<ISDEEMEDPOSITIVE>No</ISDEEMEDPOSITIVE>
<LEDGERFROMITEM>No</LEDGERFROMITEM>
<LEDGERNAME>SGST</LEDGERNAME>
<AMOUNT>2.7000000</AMOUNT>
</ALLLEDGERENTRIES.LIST>
<ALLLEDGERENTRIES.LIST>
<REMOVEZEROENTRIES>No</REMOVEZEROENTRIES>
<ISDEEMEDPOSITIVE>No</ISDEEMEDPOSITIVE>
<LEDGERFROMITEM>No</LEDGERFROMITEM>
<LEDGERNAME>Container Handling Services-Import-GST</LEDGERNAME>
<AMOUNT>400.000</AMOUNT>
</ALLLEDGERENTRIES.LIST>
<ALLLEDGERENTRIES.LIST>
<REMOVEZEROENTRIES>No</REMOVEZEROENTRIES>
<ISDEEMEDPOSITIVE>No</ISDEEMEDPOSITIVE>
<LEDGERFROMITEM>No</LEDGERFROMITEM>
<LEDGERNAME>CGST</LEDGERNAME>
<AMOUNT>36.0000000</AMOUNT>
</ALLLEDGERENTRIES.LIST>
<ALLLEDGERENTRIES.LIST>
<REMOVEZEROENTRIES>No</REMOVEZEROENTRIES>
<ISDEEMEDPOSITIVE>No</ISDEEMEDPOSITIVE>
<LEDGERFROMITEM>No</LEDGERFROMITEM>
<LEDGERNAME>SGST</LEDGERNAME>
<AMOUNT>36.0000000</AMOUNT>
</ALLLEDGERENTRIES.LIST>
<ALLLEDGERENTRIES.LIST>
<REMOVEZEROENTRIES>No</REMOVEZEROENTRIES>
<ISDEEMEDPOSITIVE>No</ISDEEMEDPOSITIVE>
<LEDGERFROMITEM>No</LEDGERFROMITEM>
<LEDGERNAME>Container Handling Services-Import-GST</LEDGERNAME>
<AMOUNT>900.000</AMOUNT>
</ALLLEDGERENTRIES.LIST>
<ALLLEDGERENTRIES.LIST>
<REMOVEZEROENTRIES>No</REMOVEZEROENTRIES>
<ISDEEMEDPOSITIVE>No</ISDEEMEDPOSITIVE>
<LEDGERFROMITEM>No</LEDGERFROMITEM>
<LEDGERNAME>CGST</LEDGERNAME>
<AMOUNT>81.0000000</AMOUNT>
</ALLLEDGERENTRIES.LIST>
<ALLLEDGERENTRIES.LIST>
<REMOVEZEROENTRIES>No</REMOVEZEROENTRIES>
<ISDEEMEDPOSITIVE>No</ISDEEMEDPOSITIVE>
<LEDGERFROMITEM>No</LEDGERFROMITEM>
<LEDGERNAME>SGST</LEDGERNAME>
<AMOUNT>81.0000000</AMOUNT>
</ALLLEDGERENTRIES.LIST>
<ALLLEDGERENTRIES.LIST>
<REMOVEZEROENTRIES>No</REMOVEZEROENTRIES>
<ISDEEMEDPOSITIVE>No</ISDEEMEDPOSITIVE>
<LEDGERFROMITEM>No</LEDGERFROMITEM>
<LEDGERNAME>SHORT AND EXCESS</LEDGERNAME>
<AMOUNT>-0.100</AMOUNT>
</ALLLEDGERENTRIES.LIST>
</VOUCHER>
<VOUCHER>
<ISOPTIONAL>No</ISOPTIONAL>
<USEFORGAINLOSS>No</USEFORGAINLOSS>
<USEFORCOMPOUND>No</USEFORCOMPOUND>
<VOUCHERTYPENAME>Sales-Import-CFSM</VOUCHERTYPENAME>
<DATE>20180326</DATE>
<EFFECTIVEDATE>20180326</EFFECTIVEDATE>
<ISCANCELLED>No</ISCANCELLED>
<USETRACKINGNUMBER>No</USETRACKINGNUMBER>
<ISPOSTDATED>No</ISPOSTDATED>
<ISINVOICE>No</ISINVOICE>
<DIFFACTUALQTY>No</DIFFACTUALQTY>
<VOUCHERNUMBER>ALSI016108/17-18</VOUCHERNUMBER>
<PARTYLEDGERNAME>ANSHUL LIFE SCIENCES </PARTYLEDGERNAME>
<NARRATION>Being amount debited towards IGM No: 2188331, BL NO: 0018A32252, Importer: ANSHUL LIFE SCIENCES, INDIAN, VOY NO: 091, Vessel: CORINTHIAKOS, LINER: WAN HAI LINE and containers:  1 X 20, Invoice No: ALSI016108/17-18</NARRATION>
<ALLLEDGERENTRIES.LIST>
<REMOVEZEROENTRIES>No</REMOVEZEROENTRIES>
<ISDEEMEDPOSITIVE>Yes</ISDEEMEDPOSITIVE>
<LEDGERFROMITEM>No</LEDGERFROMITEM>
<LEDGERNAME>ANSHUL LIFE SCIENCES </LEDGERNAME>
<AMOUNT>-38226.000</AMOUNT>
<BILLALLOCATIONS.LIST>
<NAME>ALSI016108/17-18</NAME>
<BILLTYPE>New Ref</BILLTYPE>
<AMOUNT>-38226.000</AMOUNT>
</BILLALLOCATIONS.LIST>
</ALLLEDGERENTRIES.LIST>
<ALLLEDGERENTRIES.LIST>
<REMOVEZEROENTRIES>No</REMOVEZEROENTRIES>
<ISDEEMEDPOSITIVE>No</ISDEEMEDPOSITIVE>
<LEDGERFROMITEM>No</LEDGERFROMITEM>
<LEDGERNAME>Container Handling Services-Import-GST</LEDGERNAME>
<AMOUNT>5865.000</AMOUNT>
</ALLLEDGERENTRIES.LIST>
<ALLLEDGERENTRIES.LIST>
<REMOVEZEROENTRIES>No</REMOVEZEROENTRIES>
<ISDEEMEDPOSITIVE>No</ISDEEMEDPOSITIVE>
<LEDGERFROMITEM>No</LEDGERFROMITEM>
<LEDGERNAME>CGST</LEDGERNAME>
<AMOUNT>527.8500000</AMOUNT>
</ALLLEDGERENTRIES.LIST>
<ALLLEDGERENTRIES.LIST>
<REMOVEZEROENTRIES>No</REMOVEZEROENTRIES>
<ISDEEMEDPOSITIVE>No</ISDEEMEDPOSITIVE>
<LEDGERFROMITEM>No</LEDGERFROMITEM>
<LEDGERNAME>SGST</LEDGERNAME>
<AMOUNT>527.8500000</AMOUNT>
</ALLLEDGERENTRIES.LIST>
<ALLLEDGERENTRIES.LIST>
<REMOVEZEROENTRIES>No</REMOVEZEROENTRIES>
<ISDEEMEDPOSITIVE>No</ISDEEMEDPOSITIVE>
<LEDGERFROMITEM>No</LEDGERFROMITEM>
<LEDGERNAME>Other Storage and Warehousing Services-Import-GST</LEDGERNAME>
<AMOUNT>24050.000</AMOUNT>
</ALLLEDGERENTRIES.LIST>
<ALLLEDGERENTRIES.LIST>
<REMOVEZEROENTRIES>No</REMOVEZEROENTRIES>
<ISDEEMEDPOSITIVE>No</ISDEEMEDPOSITIVE>
<LEDGERFROMITEM>No</LEDGERFROMITEM>
<LEDGERNAME>CGST</LEDGERNAME>
<AMOUNT>2164.5000000</AMOUNT>
</ALLLEDGERENTRIES.LIST>
<ALLLEDGERENTRIES.LIST>
<REMOVEZEROENTRIES>No</REMOVEZEROENTRIES>
<ISDEEMEDPOSITIVE>No</ISDEEMEDPOSITIVE>
<LEDGERFROMITEM>No</LEDGERFROMITEM>
<LEDGERNAME>SGST</LEDGERNAME>
<AMOUNT>2164.5000000</AMOUNT>
</ALLLEDGERENTRIES.LIST>
<ALLLEDGERENTRIES.LIST>
<REMOVEZEROENTRIES>No</REMOVEZEROENTRIES>
<ISDEEMEDPOSITIVE>No</ISDEEMEDPOSITIVE>
<LEDGERFROMITEM>No</LEDGERFROMITEM>
<LEDGERNAME>Container Handling Services-Import-GST</LEDGERNAME>
<AMOUNT>1100.000</AMOUNT>
</ALLLEDGERENTRIES.LIST>
<ALLLEDGERENTRIES.LIST>
<REMOVEZEROENTRIES>No</REMOVEZEROENTRIES>
<ISDEEMEDPOSITIVE>No</ISDEEMEDPOSITIVE>
<LEDGERFROMITEM>No</LEDGERFROMITEM>
<LEDGERNAME>CGST</LEDGERNAME>
<AMOUNT>99.0000000</AMOUNT>
</ALLLEDGERENTRIES.LIST>
<ALLLEDGERENTRIES.LIST>
<REMOVEZEROENTRIES>No</REMOVEZEROENTRIES>
<ISDEEMEDPOSITIVE>No</ISDEEMEDPOSITIVE>
<LEDGERFROMITEM>No</LEDGERFROMITEM>
<LEDGERNAME>SGST</LEDGERNAME>
<AMOUNT>99.0000000</AMOUNT>
</ALLLEDGERENTRIES.LIST>
<ALLLEDGERENTRIES.LIST>
<REMOVEZEROENTRIES>No</REMOVEZEROENTRIES>
<ISDEEMEDPOSITIVE>No</ISDEEMEDPOSITIVE>
<LEDGERFROMITEM>No</LEDGERFROMITEM>
<LEDGERNAME>Container Handling Services-Import-GST</LEDGERNAME>
<AMOUNT>50.000</AMOUNT>
</ALLLEDGERENTRIES.LIST>
<ALLLEDGERENTRIES.LIST>
<REMOVEZEROENTRIES>No</REMOVEZEROENTRIES>
<ISDEEMEDPOSITIVE>No</ISDEEMEDPOSITIVE>
<LEDGERFROMITEM>No</LEDGERFROMITEM>
<LEDGERNAME>CGST</LEDGERNAME>
<AMOUNT>4.5000000</AMOUNT>
</ALLLEDGERENTRIES.LIST>
<ALLLEDGERENTRIES.LIST>
<REMOVEZEROENTRIES>No</REMOVEZEROENTRIES>
<ISDEEMEDPOSITIVE>No</ISDEEMEDPOSITIVE>
<LEDGERFROMITEM>No</LEDGERFROMITEM>
<LEDGERNAME>SGST</LEDGERNAME>
<AMOUNT>4.5000000</AMOUNT>
</ALLLEDGERENTRIES.LIST>
<ALLLEDGERENTRIES.LIST>
<REMOVEZEROENTRIES>No</REMOVEZEROENTRIES>
<ISDEEMEDPOSITIVE>No</ISDEEMEDPOSITIVE>
<LEDGERFROMITEM>No</LEDGERFROMITEM>
<LEDGERNAME>Container Handling Services-Import-GST</LEDGERNAME>
<AMOUNT>30.000</AMOUNT>
</ALLLEDGERENTRIES.LIST>
<ALLLEDGERENTRIES.LIST>
<REMOVEZEROENTRIES>No</REMOVEZEROENTRIES>
<ISDEEMEDPOSITIVE>No</ISDEEMEDPOSITIVE>
<LEDGERFROMITEM>No</LEDGERFROMITEM>
<LEDGERNAME>CGST</LEDGERNAME>
<AMOUNT>2.7000000</AMOUNT>
</ALLLEDGERENTRIES.LIST>
<ALLLEDGERENTRIES.LIST>
<REMOVEZEROENTRIES>No</REMOVEZEROENTRIES>
<ISDEEMEDPOSITIVE>No</ISDEEMEDPOSITIVE>
<LEDGERFROMITEM>No</LEDGERFROMITEM>
<LEDGERNAME>SGST</LEDGERNAME>
<AMOUNT>2.7000000</AMOUNT>
</ALLLEDGERENTRIES.LIST>
<ALLLEDGERENTRIES.LIST>
<REMOVEZEROENTRIES>No</REMOVEZEROENTRIES>
<ISDEEMEDPOSITIVE>No</ISDEEMEDPOSITIVE>
<LEDGERFROMITEM>No</LEDGERFROMITEM>
<LEDGERNAME>Container Handling Services-Import-GST</LEDGERNAME>
<AMOUNT>400.000</AMOUNT>
</ALLLEDGERENTRIES.LIST>
<ALLLEDGERENTRIES.LIST>
<REMOVEZEROENTRIES>No</REMOVEZEROENTRIES>
<ISDEEMEDPOSITIVE>No</ISDEEMEDPOSITIVE>
<LEDGERFROMITEM>No</LEDGERFROMITEM>
<LEDGERNAME>CGST</LEDGERNAME>
<AMOUNT>36.0000000</AMOUNT>
</ALLLEDGERENTRIES.LIST>
<ALLLEDGERENTRIES.LIST>
<REMOVEZEROENTRIES>No</REMOVEZEROENTRIES>
<ISDEEMEDPOSITIVE>No</ISDEEMEDPOSITIVE>
<LEDGERFROMITEM>No</LEDGERFROMITEM>
<LEDGERNAME>SGST</LEDGERNAME>
<AMOUNT>36.0000000</AMOUNT>
</ALLLEDGERENTRIES.LIST>
<ALLLEDGERENTRIES.LIST>
<REMOVEZEROENTRIES>No</REMOVEZEROENTRIES>
<ISDEEMEDPOSITIVE>No</ISDEEMEDPOSITIVE>
<LEDGERFROMITEM>No</LEDGERFROMITEM>
<LEDGERNAME>Container Handling Services-Import-GST</LEDGERNAME>
<AMOUNT>900.000</AMOUNT>
</ALLLEDGERENTRIES.LIST>
<ALLLEDGERENTRIES.LIST>
<REMOVEZEROENTRIES>No</REMOVEZEROENTRIES>
<ISDEEMEDPOSITIVE>No</ISDEEMEDPOSITIVE>
<LEDGERFROMITEM>No</LEDGERFROMITEM>
<LEDGERNAME>CGST</LEDGERNAME>
<AMOUNT>81.0000000</AMOUNT>
</ALLLEDGERENTRIES.LIST>
<ALLLEDGERENTRIES.LIST>
<REMOVEZEROENTRIES>No</REMOVEZEROENTRIES>
<ISDEEMEDPOSITIVE>No</ISDEEMEDPOSITIVE>
<LEDGERFROMITEM>No</LEDGERFROMITEM>
<LEDGERNAME>SGST</LEDGERNAME>
<AMOUNT>81.0000000</AMOUNT>
</ALLLEDGERENTRIES.LIST>
<ALLLEDGERENTRIES.LIST>
<REMOVEZEROENTRIES>No</REMOVEZEROENTRIES>
<ISDEEMEDPOSITIVE>No</ISDEEMEDPOSITIVE>
<LEDGERFROMITEM>No</LEDGERFROMITEM>
<LEDGERNAME>SHORT AND EXCESS</LEDGERNAME>
<AMOUNT>-0.100</AMOUNT>
</ALLLEDGERENTRIES.LIST>
</VOUCHER>
<VOUCHER>
<ISOPTIONAL>No</ISOPTIONAL>
<USEFORGAINLOSS>No</USEFORGAINLOSS>
<USEFORCOMPOUND>No</USEFORCOMPOUND>
<VOUCHERTYPENAME>Sales-Import-CFSM</VOUCHERTYPENAME>
<DATE>20180326</DATE>
<EFFECTIVEDATE>20180326</EFFECTIVEDATE>
<ISCANCELLED>No</ISCANCELLED>
<USETRACKINGNUMBER>No</USETRACKINGNUMBER>
<ISPOSTDATED>No</ISPOSTDATED>
<ISINVOICE>No</ISINVOICE>
<DIFFACTUALQTY>No</DIFFACTUALQTY>
<VOUCHERNUMBER>ALSI016109/17-18</VOUCHERNUMBER>
<PARTYLEDGERNAME>RIKEVITA INDIA PVT LTD</PARTYLEDGERNAME>
<NARRATION>Being amount debited towards IGM No: 2190514, BL NO: OOLU2600711760, Importer: RIKEVITA (INDIA) PVT LTD, VOY NO: 1804, Vessel: MAERSK TAURUS, LINER: OOCLOFFDOCTHC-OOCL Line and containers:  1 X 20, Invoice No: ALSI016109/17-18</NARRATION>
<ALLLEDGERENTRIES.LIST>
<REMOVEZEROENTRIES>No</REMOVEZEROENTRIES>
<ISDEEMEDPOSITIVE>Yes</ISDEEMEDPOSITIVE>
<LEDGERFROMITEM>No</LEDGERFROMITEM>
<LEDGERNAME>RIKEVITA INDIA PVT LTD</LEDGERNAME>
<AMOUNT>-10909.000</AMOUNT>
<BILLALLOCATIONS.LIST>
<NAME>ALSI016109/17-18</NAME>
<BILLTYPE>New Ref</BILLTYPE>
<AMOUNT>-10909.000</AMOUNT>
</BILLALLOCATIONS.LIST>
</ALLLEDGERENTRIES.LIST>
<ALLLEDGERENTRIES.LIST>
<REMOVEZEROENTRIES>No</REMOVEZEROENTRIES>
<ISDEEMEDPOSITIVE>No</ISDEEMEDPOSITIVE>
<LEDGERFROMITEM>No</LEDGERFROMITEM>
<LEDGERNAME>Container Handling Services-Import-GST</LEDGERNAME>
<AMOUNT>5865.000</AMOUNT>
</ALLLEDGERENTRIES.LIST>
<ALLLEDGERENTRIES.LIST>
<REMOVEZEROENTRIES>No</REMOVEZEROENTRIES>
<ISDEEMEDPOSITIVE>No</ISDEEMEDPOSITIVE>
<LEDGERFROMITEM>No</LEDGERFROMITEM>
<LEDGERNAME>CGST</LEDGERNAME>
<AMOUNT>527.8500000</AMOUNT>
</ALLLEDGERENTRIES.LIST>
<ALLLEDGERENTRIES.LIST>
<REMOVEZEROENTRIES>No</REMOVEZEROENTRIES>
<ISDEEMEDPOSITIVE>No</ISDEEMEDPOSITIVE>
<LEDGERFROMITEM>No</LEDGERFROMITEM>
<LEDGERNAME>SGST</LEDGERNAME>
<AMOUNT>527.8500000</AMOUNT>
</ALLLEDGERENTRIES.LIST>
<ALLLEDGERENTRIES.LIST>
<REMOVEZEROENTRIES>No</REMOVEZEROENTRIES>
<ISDEEMEDPOSITIVE>No</ISDEEMEDPOSITIVE>
<LEDGERFROMITEM>No</LEDGERFROMITEM>
<LEDGERNAME>Other Storage and Warehousing Services-Import-GST</LEDGERNAME>
<AMOUNT>900.000</AMOUNT>
</ALLLEDGERENTRIES.LIST>
<ALLLEDGERENTRIES.LIST>
<REMOVEZEROENTRIES>No</REMOVEZEROENTRIES>
<ISDEEMEDPOSITIVE>No</ISDEEMEDPOSITIVE>
<LEDGERFROMITEM>No</LEDGERFROMITEM>
<LEDGERNAME>CGST</LEDGERNAME>
<AMOUNT>81.0000000</AMOUNT>
</ALLLEDGERENTRIES.LIST>
<ALLLEDGERENTRIES.LIST>
<REMOVEZEROENTRIES>No</REMOVEZEROENTRIES>
<ISDEEMEDPOSITIVE>No</ISDEEMEDPOSITIVE>
<LEDGERFROMITEM>No</LEDGERFROMITEM>
<LEDGERNAME>SGST</LEDGERNAME>
<AMOUNT>81.0000000</AMOUNT>
</ALLLEDGERENTRIES.LIST>
<ALLLEDGERENTRIES.LIST>
<REMOVEZEROENTRIES>No</REMOVEZEROENTRIES>
<ISDEEMEDPOSITIVE>No</ISDEEMEDPOSITIVE>
<LEDGERFROMITEM>No</LEDGERFROMITEM>
<LEDGERNAME>Container Handling Services-Import-GST</LEDGERNAME>
<AMOUNT>1100.000</AMOUNT>
</ALLLEDGERENTRIES.LIST>
<ALLLEDGERENTRIES.LIST>
<REMOVEZEROENTRIES>No</REMOVEZEROENTRIES>
<ISDEEMEDPOSITIVE>No</ISDEEMEDPOSITIVE>
<LEDGERFROMITEM>No</LEDGERFROMITEM>
<LEDGERNAME>CGST</LEDGERNAME>
<AMOUNT>99.0000000</AMOUNT>
</ALLLEDGERENTRIES.LIST>
<ALLLEDGERENTRIES.LIST>
<REMOVEZEROENTRIES>No</REMOVEZEROENTRIES>
<ISDEEMEDPOSITIVE>No</ISDEEMEDPOSITIVE>
<LEDGERFROMITEM>No</LEDGERFROMITEM>
<LEDGERNAME>SGST</LEDGERNAME>
<AMOUNT>99.0000000</AMOUNT>
</ALLLEDGERENTRIES.LIST>
<ALLLEDGERENTRIES.LIST>
<REMOVEZEROENTRIES>No</REMOVEZEROENTRIES>
<ISDEEMEDPOSITIVE>No</ISDEEMEDPOSITIVE>
<LEDGERFROMITEM>No</LEDGERFROMITEM>
<LEDGERNAME>Container Handling Services-Import-GST</LEDGERNAME>
<AMOUNT>50.000</AMOUNT>
</ALLLEDGERENTRIES.LIST>
<ALLLEDGERENTRIES.LIST>
<REMOVEZEROENTRIES>No</REMOVEZEROENTRIES>
<ISDEEMEDPOSITIVE>No</ISDEEMEDPOSITIVE>
<LEDGERFROMITEM>No</LEDGERFROMITEM>
<LEDGERNAME>CGST</LEDGERNAME>
<AMOUNT>4.5000000</AMOUNT>
</ALLLEDGERENTRIES.LIST>
<ALLLEDGERENTRIES.LIST>
<REMOVEZEROENTRIES>No</REMOVEZEROENTRIES>
<ISDEEMEDPOSITIVE>No</ISDEEMEDPOSITIVE>
<LEDGERFROMITEM>No</LEDGERFROMITEM>
<LEDGERNAME>SGST</LEDGERNAME>
<AMOUNT>4.5000000</AMOUNT>
</ALLLEDGERENTRIES.LIST>
<ALLLEDGERENTRIES.LIST>
<REMOVEZEROENTRIES>No</REMOVEZEROENTRIES>
<ISDEEMEDPOSITIVE>No</ISDEEMEDPOSITIVE>
<LEDGERFROMITEM>No</LEDGERFROMITEM>
<LEDGERNAME>Container Handling Services-Import-GST</LEDGERNAME>
<AMOUNT>30.000</AMOUNT>
</ALLLEDGERENTRIES.LIST>
<ALLLEDGERENTRIES.LIST>
<REMOVEZEROENTRIES>No</REMOVEZEROENTRIES>
<ISDEEMEDPOSITIVE>No</ISDEEMEDPOSITIVE>
<LEDGERFROMITEM>No</LEDGERFROMITEM>
<LEDGERNAME>CGST</LEDGERNAME>
<AMOUNT>2.7000000</AMOUNT>
</ALLLEDGERENTRIES.LIST>
<ALLLEDGERENTRIES.LIST>
<REMOVEZEROENTRIES>No</REMOVEZEROENTRIES>
<ISDEEMEDPOSITIVE>No</ISDEEMEDPOSITIVE>
<LEDGERFROMITEM>No</LEDGERFROMITEM>
<LEDGERNAME>SGST</LEDGERNAME>
<AMOUNT>2.7000000</AMOUNT>
</ALLLEDGERENTRIES.LIST>
<ALLLEDGERENTRIES.LIST>
<REMOVEZEROENTRIES>No</REMOVEZEROENTRIES>
<ISDEEMEDPOSITIVE>No</ISDEEMEDPOSITIVE>
<LEDGERFROMITEM>No</LEDGERFROMITEM>
<LEDGERNAME>Container Handling Services-Import-GST</LEDGERNAME>
<AMOUNT>400.000</AMOUNT>
</ALLLEDGERENTRIES.LIST>
<ALLLEDGERENTRIES.LIST>
<REMOVEZEROENTRIES>No</REMOVEZEROENTRIES>
<ISDEEMEDPOSITIVE>No</ISDEEMEDPOSITIVE>
<LEDGERFROMITEM>No</LEDGERFROMITEM>
<LEDGERNAME>CGST</LEDGERNAME>
<AMOUNT>36.0000000</AMOUNT>
</ALLLEDGERENTRIES.LIST>
<ALLLEDGERENTRIES.LIST>
<REMOVEZEROENTRIES>No</REMOVEZEROENTRIES>
<ISDEEMEDPOSITIVE>No</ISDEEMEDPOSITIVE>
<LEDGERFROMITEM>No</LEDGERFROMITEM>
<LEDGERNAME>SGST</LEDGERNAME>
<AMOUNT>36.0000000</AMOUNT>
</ALLLEDGERENTRIES.LIST>
<ALLLEDGERENTRIES.LIST>
<REMOVEZEROENTRIES>No</REMOVEZEROENTRIES>
<ISDEEMEDPOSITIVE>No</ISDEEMEDPOSITIVE>
<LEDGERFROMITEM>No</LEDGERFROMITEM>
<LEDGERNAME>Container Handling Services-Import-GST</LEDGERNAME>
<AMOUNT>900.000</AMOUNT>
</ALLLEDGERENTRIES.LIST>
<ALLLEDGERENTRIES.LIST>
<REMOVEZEROENTRIES>No</REMOVEZEROENTRIES>
<ISDEEMEDPOSITIVE>No</ISDEEMEDPOSITIVE>
<LEDGERFROMITEM>No</LEDGERFROMITEM>
<LEDGERNAME>CGST</LEDGERNAME>
<AMOUNT>81.0000000</AMOUNT>
</ALLLEDGERENTRIES.LIST>
<ALLLEDGERENTRIES.LIST>
<REMOVEZEROENTRIES>No</REMOVEZEROENTRIES>
<ISDEEMEDPOSITIVE>No</ISDEEMEDPOSITIVE>
<LEDGERFROMITEM>No</LEDGERFROMITEM>
<LEDGERNAME>SGST</LEDGERNAME>
<AMOUNT>81.0000000</AMOUNT>
</ALLLEDGERENTRIES.LIST>
<ALLLEDGERENTRIES.LIST>
<REMOVEZEROENTRIES>No</REMOVEZEROENTRIES>
<ISDEEMEDPOSITIVE>No</ISDEEMEDPOSITIVE>
<LEDGERFROMITEM>No</LEDGERFROMITEM>
<LEDGERNAME>SHORT AND EXCESS</LEDGERNAME>
<AMOUNT>-0.100</AMOUNT>
</ALLLEDGERENTRIES.LIST>
</VOUCHER>
<VOUCHER>
<ISOPTIONAL>No</ISOPTIONAL>
<USEFORGAINLOSS>No</USEFORGAINLOSS>
<USEFORCOMPOUND>No</USEFORCOMPOUND>
<VOUCHERTYPENAME>Sales-Import-CFSM</VOUCHERTYPENAME>
<DATE>20180326</DATE>
<EFFECTIVEDATE>20180326</EFFECTIVEDATE>
<ISCANCELLED>No</ISCANCELLED>
<USETRACKINGNUMBER>No</USETRACKINGNUMBER>
<ISPOSTDATED>No</ISPOSTDATED>
<ISINVOICE>No</ISINVOICE>
<DIFFACTUALQTY>No</DIFFACTUALQTY>
<VOUCHERNUMBER>ALSI016110/17-18</VOUCHERNUMBER>
<PARTYLEDGERNAME>PRIVILEGE INDUSTRIES LIMITED</PARTYLEDGERNAME>
<NARRATION>Being amount debited towards IGM No: 2189263, BL NO: 1158500765, Importer: PRIVILEGE INDUSTRIES LIMITED, VOY NO: 147, Vessel: NORTHERN GUILD, LINER: Wan Hai Lines Ltd and containers:  31 X 20, Invoice No: ALSI016110/17-18</NARRATION>
<ALLLEDGERENTRIES.LIST>
<REMOVEZEROENTRIES>No</REMOVEZEROENTRIES>
<ISDEEMEDPOSITIVE>Yes</ISDEEMEDPOSITIVE>
<LEDGERFROMITEM>No</LEDGERFROMITEM>
<LEDGERNAME>PRIVILEGE INDUSTRIES LIMITED</LEDGERNAME>
<AMOUNT>-63071.000</AMOUNT>
<BILLALLOCATIONS.LIST>
<NAME>ALSI016110/17-18</NAME>
<BILLTYPE>New Ref</BILLTYPE>
<AMOUNT>-63071.000</AMOUNT>
</BILLALLOCATIONS.LIST>
</ALLLEDGERENTRIES.LIST>
<ALLLEDGERENTRIES.LIST>
<REMOVEZEROENTRIES>No</REMOVEZEROENTRIES>
<ISDEEMEDPOSITIVE>No</ISDEEMEDPOSITIVE>
<LEDGERFROMITEM>No</LEDGERFROMITEM>
<LEDGERNAME>Other Storage and Warehousing Services-Import-GST</LEDGERNAME>
<AMOUNT>53450.000</AMOUNT>
</ALLLEDGERENTRIES.LIST>
<ALLLEDGERENTRIES.LIST>
<REMOVEZEROENTRIES>No</REMOVEZEROENTRIES>
<ISDEEMEDPOSITIVE>No</ISDEEMEDPOSITIVE>
<LEDGERFROMITEM>No</LEDGERFROMITEM>
<LEDGERNAME>CGST</LEDGERNAME>
<AMOUNT>4810.5000000</AMOUNT>
</ALLLEDGERENTRIES.LIST>
<ALLLEDGERENTRIES.LIST>
<REMOVEZEROENTRIES>No</REMOVEZEROENTRIES>
<ISDEEMEDPOSITIVE>No</ISDEEMEDPOSITIVE>
<LEDGERFROMITEM>No</LEDGERFROMITEM>
<LEDGERNAME>SGST</LEDGERNAME>
<AMOUNT>4810.5000000</AMOUNT>
</ALLLEDGERENTRIES.LIST>
<ALLLEDGERENTRIES.LIST>
<REMOVEZEROENTRIES>No</REMOVEZEROENTRIES>
<ISDEEMEDPOSITIVE>No</ISDEEMEDPOSITIVE>
<LEDGERFROMITEM>No</LEDGERFROMITEM>
<LEDGERNAME>SHORT AND EXCESS</LEDGERNAME>
<AMOUNT>0.000</AMOUNT>
</ALLLEDGERENTRIES.LIST>
</VOUCHER>
<VOUCHER>
<ISOPTIONAL>No</ISOPTIONAL>
<USEFORGAINLOSS>No</USEFORGAINLOSS>
<USEFORCOMPOUND>No</USEFORCOMPOUND>
<VOUCHERTYPENAME>Sales-Import-CFSM</VOUCHERTYPENAME>
<DATE>20180326</DATE>
<EFFECTIVEDATE>20180326</EFFECTIVEDATE>
<ISCANCELLED>No</ISCANCELLED>
<USETRACKINGNUMBER>No</USETRACKINGNUMBER>
<ISPOSTDATED>No</ISPOSTDATED>
<ISINVOICE>No</ISINVOICE>
<DIFFACTUALQTY>No</DIFFACTUALQTY>
<VOUCHERNUMBER>ALSI016111/17-18</VOUCHERNUMBER>
<PARTYLEDGERNAME>SFA FOOD AND PHARMA INGREDIENTS PRIVATE LIMITED</PARTYLEDGERNAME>
<NARRATION>Being amount debited towards IGM No: 2188948, BL NO: EGLV560800042161, Importer: SFA FOOD and PHARMA INGREDIENTS PVT., VOY NO: 118, Vessel: WAN HAI 505, LINER: EVERGREEN SHIPPING AGENCY (INDIA) PVT.LTD. and containers:  1 X 40, Invoice No: ALSI016111/17-18</NARRATION>
<ALLLEDGERENTRIES.LIST>
<REMOVEZEROENTRIES>No</REMOVEZEROENTRIES>
<ISDEEMEDPOSITIVE>Yes</ISDEEMEDPOSITIVE>
<LEDGERFROMITEM>No</LEDGERFROMITEM>
<LEDGERNAME>SFA FOOD AND PHARMA INGREDIENTS PRIVATE LIMITED</LEDGERNAME>
<AMOUNT>-59425.000</AMOUNT>
<BILLALLOCATIONS.LIST>
<NAME>ALSI016111/17-18</NAME>
<BILLTYPE>New Ref</BILLTYPE>
<AMOUNT>-59425.000</AMOUNT>
</BILLALLOCATIONS.LIST>
</ALLLEDGERENTRIES.LIST>
<ALLLEDGERENTRIES.LIST>
<REMOVEZEROENTRIES>No</REMOVEZEROENTRIES>
<ISDEEMEDPOSITIVE>No</ISDEEMEDPOSITIVE>
<LEDGERFROMITEM>No</LEDGERFROMITEM>
<LEDGERNAME>Container Handling Services-Import-GST</LEDGERNAME>
<AMOUNT>16580.000</AMOUNT>
</ALLLEDGERENTRIES.LIST>
<ALLLEDGERENTRIES.LIST>
<REMOVEZEROENTRIES>No</REMOVEZEROENTRIES>
<ISDEEMEDPOSITIVE>No</ISDEEMEDPOSITIVE>
<LEDGERFROMITEM>No</LEDGERFROMITEM>
<LEDGERNAME>CGST</LEDGERNAME>
<AMOUNT>1492.2000000</AMOUNT>
</ALLLEDGERENTRIES.LIST>
<ALLLEDGERENTRIES.LIST>
<REMOVEZEROENTRIES>No</REMOVEZEROENTRIES>
<ISDEEMEDPOSITIVE>No</ISDEEMEDPOSITIVE>
<LEDGERFROMITEM>No</LEDGERFROMITEM>
<LEDGERNAME>SGST</LEDGERNAME>
<AMOUNT>1492.2000000</AMOUNT>
</ALLLEDGERENTRIES.LIST>
<ALLLEDGERENTRIES.LIST>
<REMOVEZEROENTRIES>No</REMOVEZEROENTRIES>
<ISDEEMEDPOSITIVE>No</ISDEEMEDPOSITIVE>
<LEDGERFROMITEM>No</LEDGERFROMITEM>
<LEDGERNAME>Other Storage and Warehousing Services-Import-GST</LEDGERNAME>
<AMOUNT>29300.000</AMOUNT>
</ALLLEDGERENTRIES.LIST>
<ALLLEDGERENTRIES.LIST>
<REMOVEZEROENTRIES>No</REMOVEZEROENTRIES>
<ISDEEMEDPOSITIVE>No</ISDEEMEDPOSITIVE>
<LEDGERFROMITEM>No</LEDGERFROMITEM>
<LEDGERNAME>CGST</LEDGERNAME>
<AMOUNT>2637.0000000</AMOUNT>
</ALLLEDGERENTRIES.LIST>
<ALLLEDGERENTRIES.LIST>
<REMOVEZEROENTRIES>No</REMOVEZEROENTRIES>
<ISDEEMEDPOSITIVE>No</ISDEEMEDPOSITIVE>
<LEDGERFROMITEM>No</LEDGERFROMITEM>
<LEDGERNAME>SGST</LEDGERNAME>
<AMOUNT>2637.0000000</AMOUNT>
</ALLLEDGERENTRIES.LIST>
<ALLLEDGERENTRIES.LIST>
<REMOVEZEROENTRIES>No</REMOVEZEROENTRIES>
<ISDEEMEDPOSITIVE>No</ISDEEMEDPOSITIVE>
<LEDGERFROMITEM>No</LEDGERFROMITEM>
<LEDGERNAME>Container Handling Services-Import-GST</LEDGERNAME>
<AMOUNT>2200.000</AMOUNT>
</ALLLEDGERENTRIES.LIST>
<ALLLEDGERENTRIES.LIST>
<REMOVEZEROENTRIES>No</REMOVEZEROENTRIES>
<ISDEEMEDPOSITIVE>No</ISDEEMEDPOSITIVE>
<LEDGERFROMITEM>No</LEDGERFROMITEM>
<LEDGERNAME>CGST</LEDGERNAME>
<AMOUNT>198.0000000</AMOUNT>
</ALLLEDGERENTRIES.LIST>
<ALLLEDGERENTRIES.LIST>
<REMOVEZEROENTRIES>No</REMOVEZEROENTRIES>
<ISDEEMEDPOSITIVE>No</ISDEEMEDPOSITIVE>
<LEDGERFROMITEM>No</LEDGERFROMITEM>
<LEDGERNAME>SGST</LEDGERNAME>
<AMOUNT>198.0000000</AMOUNT>
</ALLLEDGERENTRIES.LIST>
<ALLLEDGERENTRIES.LIST>
<REMOVEZEROENTRIES>No</REMOVEZEROENTRIES>
<ISDEEMEDPOSITIVE>No</ISDEEMEDPOSITIVE>
<LEDGERFROMITEM>No</LEDGERFROMITEM>
<LEDGERNAME>Container Handling Services-Import-GST</LEDGERNAME>
<AMOUNT>50.000</AMOUNT>
</ALLLEDGERENTRIES.LIST>
<ALLLEDGERENTRIES.LIST>
<REMOVEZEROENTRIES>No</REMOVEZEROENTRIES>
<ISDEEMEDPOSITIVE>No</ISDEEMEDPOSITIVE>
<LEDGERFROMITEM>No</LEDGERFROMITEM>
<LEDGERNAME>CGST</LEDGERNAME>
<AMOUNT>4.5000000</AMOUNT>
</ALLLEDGERENTRIES.LIST>
<ALLLEDGERENTRIES.LIST>
<REMOVEZEROENTRIES>No</REMOVEZEROENTRIES>
<ISDEEMEDPOSITIVE>No</ISDEEMEDPOSITIVE>
<LEDGERFROMITEM>No</LEDGERFROMITEM>
<LEDGERNAME>SGST</LEDGERNAME>
<AMOUNT>4.5000000</AMOUNT>
</ALLLEDGERENTRIES.LIST>
<ALLLEDGERENTRIES.LIST>
<REMOVEZEROENTRIES>No</REMOVEZEROENTRIES>
<ISDEEMEDPOSITIVE>No</ISDEEMEDPOSITIVE>
<LEDGERFROMITEM>No</LEDGERFROMITEM>
<LEDGERNAME>Container Handling Services-Import-GST</LEDGERNAME>
<AMOUNT>30.000</AMOUNT>
</ALLLEDGERENTRIES.LIST>
<ALLLEDGERENTRIES.LIST>
<REMOVEZEROENTRIES>No</REMOVEZEROENTRIES>
<ISDEEMEDPOSITIVE>No</ISDEEMEDPOSITIVE>
<LEDGERFROMITEM>No</LEDGERFROMITEM>
<LEDGERNAME>CGST</LEDGERNAME>
<AMOUNT>2.7000000</AMOUNT>
</ALLLEDGERENTRIES.LIST>
<ALLLEDGERENTRIES.LIST>
<REMOVEZEROENTRIES>No</REMOVEZEROENTRIES>
<ISDEEMEDPOSITIVE>No</ISDEEMEDPOSITIVE>
<LEDGERFROMITEM>No</LEDGERFROMITEM>
<LEDGERNAME>SGST</LEDGERNAME>
<AMOUNT>2.7000000</AMOUNT>
</ALLLEDGERENTRIES.LIST>
<ALLLEDGERENTRIES.LIST>
<REMOVEZEROENTRIES>No</REMOVEZEROENTRIES>
<ISDEEMEDPOSITIVE>No</ISDEEMEDPOSITIVE>
<LEDGERFROMITEM>No</LEDGERFROMITEM>
<LEDGERNAME>Container Handling Services-Import-GST</LEDGERNAME>
<AMOUNT>400.000</AMOUNT>
</ALLLEDGERENTRIES.LIST>
<ALLLEDGERENTRIES.LIST>
<REMOVEZEROENTRIES>No</REMOVEZEROENTRIES>
<ISDEEMEDPOSITIVE>No</ISDEEMEDPOSITIVE>
<LEDGERFROMITEM>No</LEDGERFROMITEM>
<LEDGERNAME>CGST</LEDGERNAME>
<AMOUNT>36.0000000</AMOUNT>
</ALLLEDGERENTRIES.LIST>
<ALLLEDGERENTRIES.LIST>
<REMOVEZEROENTRIES>No</REMOVEZEROENTRIES>
<ISDEEMEDPOSITIVE>No</ISDEEMEDPOSITIVE>
<LEDGERFROMITEM>No</LEDGERFROMITEM>
<LEDGERNAME>SGST</LEDGERNAME>
<AMOUNT>36.0000000</AMOUNT>
</ALLLEDGERENTRIES.LIST>
<ALLLEDGERENTRIES.LIST>
<REMOVEZEROENTRIES>No</REMOVEZEROENTRIES>
<ISDEEMEDPOSITIVE>No</ISDEEMEDPOSITIVE>
<LEDGERFROMITEM>No</LEDGERFROMITEM>
<LEDGERNAME>Container Handling Services-Import-GST</LEDGERNAME>
<AMOUNT>1800.000</AMOUNT>
</ALLLEDGERENTRIES.LIST>
<ALLLEDGERENTRIES.LIST>
<REMOVEZEROENTRIES>No</REMOVEZEROENTRIES>
<ISDEEMEDPOSITIVE>No</ISDEEMEDPOSITIVE>
<LEDGERFROMITEM>No</LEDGERFROMITEM>
<LEDGERNAME>CGST</LEDGERNAME>
<AMOUNT>162.0000000</AMOUNT>
</ALLLEDGERENTRIES.LIST>
<ALLLEDGERENTRIES.LIST>
<REMOVEZEROENTRIES>No</REMOVEZEROENTRIES>
<ISDEEMEDPOSITIVE>No</ISDEEMEDPOSITIVE>
<LEDGERFROMITEM>No</LEDGERFROMITEM>
<LEDGERNAME>SGST</LEDGERNAME>
<AMOUNT>162.0000000</AMOUNT>
</ALLLEDGERENTRIES.LIST>
<ALLLEDGERENTRIES.LIST>
<REMOVEZEROENTRIES>No</REMOVEZEROENTRIES>
<ISDEEMEDPOSITIVE>No</ISDEEMEDPOSITIVE>
<LEDGERFROMITEM>No</LEDGERFROMITEM>
<LEDGERNAME>SHORT AND EXCESS</LEDGERNAME>
<AMOUNT>0.200</AMOUNT>
</ALLLEDGERENTRIES.LIST>
</VOUCHER>
<VOUCHER>
<ISOPTIONAL>No</ISOPTIONAL>
<USEFORGAINLOSS>No</USEFORGAINLOSS>
<USEFORCOMPOUND>No</USEFORCOMPOUND>
<VOUCHERTYPENAME>Sales-Import-CFSM</VOUCHERTYPENAME>
<DATE>20180326</DATE>
<EFFECTIVEDATE>20180326</EFFECTIVEDATE>
<ISCANCELLED>No</ISCANCELLED>
<USETRACKINGNUMBER>No</USETRACKINGNUMBER>
<ISPOSTDATED>No</ISPOSTDATED>
<ISINVOICE>No</ISINVOICE>
<DIFFACTUALQTY>No</DIFFACTUALQTY>
<VOUCHERNUMBER>ALSI016112/17-18</VOUCHERNUMBER>
<PARTYLEDGERNAME>FLUID METAL </PARTYLEDGERNAME>
<NARRATION>Being amount debited towards IGM No: 2190260, BL NO: EPIRKRFGCL121996, Importer: FLUID METAL, VOY NO: 1809W, Vessel: TESSA, LINER: EMIRATES SHIPPING LINE DMCEST and containers:  1 X 20, Invoice No: ALSI016112/17-18</NARRATION>
<ALLLEDGERENTRIES.LIST>
<REMOVEZEROENTRIES>No</REMOVEZEROENTRIES>
<ISDEEMEDPOSITIVE>Yes</ISDEEMEDPOSITIVE>
<LEDGERFROMITEM>No</LEDGERFROMITEM>
<LEDGERNAME>FLUID METAL </LEDGERNAME>
<AMOUNT>-58567.000</AMOUNT>
<BILLALLOCATIONS.LIST>
<NAME>ALSI016112/17-18</NAME>
<BILLTYPE>New Ref</BILLTYPE>
<AMOUNT>-58567.000</AMOUNT>
</BILLALLOCATIONS.LIST>
</ALLLEDGERENTRIES.LIST>
<ALLLEDGERENTRIES.LIST>
<REMOVEZEROENTRIES>No</REMOVEZEROENTRIES>
<ISDEEMEDPOSITIVE>No</ISDEEMEDPOSITIVE>
<LEDGERFROMITEM>No</LEDGERFROMITEM>
<LEDGERNAME>Container Handling Services-Import-GST</LEDGERNAME>
<AMOUNT>16215.000</AMOUNT>
</ALLLEDGERENTRIES.LIST>
<ALLLEDGERENTRIES.LIST>
<REMOVEZEROENTRIES>No</REMOVEZEROENTRIES>
<ISDEEMEDPOSITIVE>No</ISDEEMEDPOSITIVE>
<LEDGERFROMITEM>No</LEDGERFROMITEM>
<LEDGERNAME>CGST</LEDGERNAME>
<AMOUNT>1459.3500000</AMOUNT>
</ALLLEDGERENTRIES.LIST>
<ALLLEDGERENTRIES.LIST>
<REMOVEZEROENTRIES>No</REMOVEZEROENTRIES>
<ISDEEMEDPOSITIVE>No</ISDEEMEDPOSITIVE>
<LEDGERFROMITEM>No</LEDGERFROMITEM>
<LEDGERNAME>SGST</LEDGERNAME>
<AMOUNT>1459.3500000</AMOUNT>
</ALLLEDGERENTRIES.LIST>
<ALLLEDGERENTRIES.LIST>
<REMOVEZEROENTRIES>No</REMOVEZEROENTRIES>
<ISDEEMEDPOSITIVE>No</ISDEEMEDPOSITIVE>
<LEDGERFROMITEM>No</LEDGERFROMITEM>
<LEDGERNAME>Container Handling Services-Import-GST</LEDGERNAME>
<AMOUNT>1000.000</AMOUNT>
</ALLLEDGERENTRIES.LIST>
<ALLLEDGERENTRIES.LIST>
<REMOVEZEROENTRIES>No</REMOVEZEROENTRIES>
<ISDEEMEDPOSITIVE>No</ISDEEMEDPOSITIVE>
<LEDGERFROMITEM>No</LEDGERFROMITEM>
<LEDGERNAME>CGST</LEDGERNAME>
<AMOUNT>90.0000000</AMOUNT>
</ALLLEDGERENTRIES.LIST>
<ALLLEDGERENTRIES.LIST>
<REMOVEZEROENTRIES>No</REMOVEZEROENTRIES>
<ISDEEMEDPOSITIVE>No</ISDEEMEDPOSITIVE>
<LEDGERFROMITEM>No</LEDGERFROMITEM>
<LEDGERNAME>SGST</LEDGERNAME>
<AMOUNT>90.0000000</AMOUNT>
</ALLLEDGERENTRIES.LIST>
<ALLLEDGERENTRIES.LIST>
<REMOVEZEROENTRIES>No</REMOVEZEROENTRIES>
<ISDEEMEDPOSITIVE>No</ISDEEMEDPOSITIVE>
<LEDGERFROMITEM>No</LEDGERFROMITEM>
<LEDGERNAME>Other Storage and Warehousing Services-Import-GST</LEDGERNAME>
<AMOUNT>5700.000</AMOUNT>
</ALLLEDGERENTRIES.LIST>
<ALLLEDGERENTRIES.LIST>
<REMOVEZEROENTRIES>No</REMOVEZEROENTRIES>
<ISDEEMEDPOSITIVE>No</ISDEEMEDPOSITIVE>
<LEDGERFROMITEM>No</LEDGERFROMITEM>
<LEDGERNAME>CGST</LEDGERNAME>
<AMOUNT>513.0000000</AMOUNT>
</ALLLEDGERENTRIES.LIST>
<ALLLEDGERENTRIES.LIST>
<REMOVEZEROENTRIES>No</REMOVEZEROENTRIES>
<ISDEEMEDPOSITIVE>No</ISDEEMEDPOSITIVE>
<LEDGERFROMITEM>No</LEDGERFROMITEM>
<LEDGERNAME>SGST</LEDGERNAME>
<AMOUNT>513.0000000</AMOUNT>
</ALLLEDGERENTRIES.LIST>
<ALLLEDGERENTRIES.LIST>
<REMOVEZEROENTRIES>No</REMOVEZEROENTRIES>
<ISDEEMEDPOSITIVE>No</ISDEEMEDPOSITIVE>
<LEDGERFROMITEM>No</LEDGERFROMITEM>
<LEDGERNAME>Container Handling Services-Import-GST</LEDGERNAME>
<AMOUNT>2268.000</AMOUNT>
</ALLLEDGERENTRIES.LIST>
<ALLLEDGERENTRIES.LIST>
<REMOVEZEROENTRIES>No</REMOVEZEROENTRIES>
<ISDEEMEDPOSITIVE>No</ISDEEMEDPOSITIVE>
<LEDGERFROMITEM>No</LEDGERFROMITEM>
<LEDGERNAME>CGST</LEDGERNAME>
<AMOUNT>204.1200000</AMOUNT>
</ALLLEDGERENTRIES.LIST>
<ALLLEDGERENTRIES.LIST>
<REMOVEZEROENTRIES>No</REMOVEZEROENTRIES>
<ISDEEMEDPOSITIVE>No</ISDEEMEDPOSITIVE>
<LEDGERFROMITEM>No</LEDGERFROMITEM>
<LEDGERNAME>SGST</LEDGERNAME>
<AMOUNT>204.1200000</AMOUNT>
</ALLLEDGERENTRIES.LIST>
<ALLLEDGERENTRIES.LIST>
<REMOVEZEROENTRIES>No</REMOVEZEROENTRIES>
<ISDEEMEDPOSITIVE>No</ISDEEMEDPOSITIVE>
<LEDGERFROMITEM>No</LEDGERFROMITEM>
<LEDGERNAME>Container Handling Services-Import-GST</LEDGERNAME>
<AMOUNT>1100.000</AMOUNT>
</ALLLEDGERENTRIES.LIST>
<ALLLEDGERENTRIES.LIST>
<REMOVEZEROENTRIES>No</REMOVEZEROENTRIES>
<ISDEEMEDPOSITIVE>No</ISDEEMEDPOSITIVE>
<LEDGERFROMITEM>No</LEDGERFROMITEM>
<LEDGERNAME>CGST</LEDGERNAME>
<AMOUNT>99.0000000</AMOUNT>
</ALLLEDGERENTRIES.LIST>
<ALLLEDGERENTRIES.LIST>
<REMOVEZEROENTRIES>No</REMOVEZEROENTRIES>
<ISDEEMEDPOSITIVE>No</ISDEEMEDPOSITIVE>
<LEDGERFROMITEM>No</LEDGERFROMITEM>
<LEDGERNAME>SGST</LEDGERNAME>
<AMOUNT>99.0000000</AMOUNT>
</ALLLEDGERENTRIES.LIST>
<ALLLEDGERENTRIES.LIST>
<REMOVEZEROENTRIES>No</REMOVEZEROENTRIES>
<ISDEEMEDPOSITIVE>No</ISDEEMEDPOSITIVE>
<LEDGERFROMITEM>No</LEDGERFROMITEM>
<LEDGERNAME>Container Handling Services-Import-GST</LEDGERNAME>
<AMOUNT>50.000</AMOUNT>
</ALLLEDGERENTRIES.LIST>
<ALLLEDGERENTRIES.LIST>
<REMOVEZEROENTRIES>No</REMOVEZEROENTRIES>
<ISDEEMEDPOSITIVE>No</ISDEEMEDPOSITIVE>
<LEDGERFROMITEM>No</LEDGERFROMITEM>
<LEDGERNAME>CGST</LEDGERNAME>
<AMOUNT>4.5000000</AMOUNT>
</ALLLEDGERENTRIES.LIST>
<ALLLEDGERENTRIES.LIST>
<REMOVEZEROENTRIES>No</REMOVEZEROENTRIES>
<ISDEEMEDPOSITIVE>No</ISDEEMEDPOSITIVE>
<LEDGERFROMITEM>No</LEDGERFROMITEM>
<LEDGERNAME>SGST</LEDGERNAME>
<AMOUNT>4.5000000</AMOUNT>
</ALLLEDGERENTRIES.LIST>
<ALLLEDGERENTRIES.LIST>
<REMOVEZEROENTRIES>No</REMOVEZEROENTRIES>
<ISDEEMEDPOSITIVE>No</ISDEEMEDPOSITIVE>
<LEDGERFROMITEM>No</LEDGERFROMITEM>
<LEDGERNAME>Container Handling Services-Import-GST</LEDGERNAME>
<AMOUNT>22000.000</AMOUNT>
</ALLLEDGERENTRIES.LIST>
<ALLLEDGERENTRIES.LIST>
<REMOVEZEROENTRIES>No</REMOVEZEROENTRIES>
<ISDEEMEDPOSITIVE>No</ISDEEMEDPOSITIVE>
<LEDGERFROMITEM>No</LEDGERFROMITEM>
<LEDGERNAME>CGST</LEDGERNAME>
<AMOUNT>1980.0000000</AMOUNT>
</ALLLEDGERENTRIES.LIST>
<ALLLEDGERENTRIES.LIST>
<REMOVEZEROENTRIES>No</REMOVEZEROENTRIES>
<ISDEEMEDPOSITIVE>No</ISDEEMEDPOSITIVE>
<LEDGERFROMITEM>No</LEDGERFROMITEM>
<LEDGERNAME>SGST</LEDGERNAME>
<AMOUNT>1980.0000000</AMOUNT>
</ALLLEDGERENTRIES.LIST>
<ALLLEDGERENTRIES.LIST>
<REMOVEZEROENTRIES>No</REMOVEZEROENTRIES>
<ISDEEMEDPOSITIVE>No</ISDEEMEDPOSITIVE>
<LEDGERFROMITEM>No</LEDGERFROMITEM>
<LEDGERNAME>Container Handling Services-Import-GST</LEDGERNAME>
<AMOUNT>400.000</AMOUNT>
</ALLLEDGERENTRIES.LIST>
<ALLLEDGERENTRIES.LIST>
<REMOVEZEROENTRIES>No</REMOVEZEROENTRIES>
<ISDEEMEDPOSITIVE>No</ISDEEMEDPOSITIVE>
<LEDGERFROMITEM>No</LEDGERFROMITEM>
<LEDGERNAME>CGST</LEDGERNAME>
<AMOUNT>36.0000000</AMOUNT>
</ALLLEDGERENTRIES.LIST>
<ALLLEDGERENTRIES.LIST>
<REMOVEZEROENTRIES>No</REMOVEZEROENTRIES>
<ISDEEMEDPOSITIVE>No</ISDEEMEDPOSITIVE>
<LEDGERFROMITEM>No</LEDGERFROMITEM>
<LEDGERNAME>SGST</LEDGERNAME>
<AMOUNT>36.0000000</AMOUNT>
</ALLLEDGERENTRIES.LIST>
<ALLLEDGERENTRIES.LIST>
<REMOVEZEROENTRIES>No</REMOVEZEROENTRIES>
<ISDEEMEDPOSITIVE>No</ISDEEMEDPOSITIVE>
<LEDGERFROMITEM>No</LEDGERFROMITEM>
<LEDGERNAME>Container Handling Services-Import-GST</LEDGERNAME>
<AMOUNT>900.000</AMOUNT>
</ALLLEDGERENTRIES.LIST>
<ALLLEDGERENTRIES.LIST>
<REMOVEZEROENTRIES>No</REMOVEZEROENTRIES>
<ISDEEMEDPOSITIVE>No</ISDEEMEDPOSITIVE>
<LEDGERFROMITEM>No</LEDGERFROMITEM>
<LEDGERNAME>CGST</LEDGERNAME>
<AMOUNT>81.0000000</AMOUNT>
</ALLLEDGERENTRIES.LIST>
<ALLLEDGERENTRIES.LIST>
<REMOVEZEROENTRIES>No</REMOVEZEROENTRIES>
<ISDEEMEDPOSITIVE>No</ISDEEMEDPOSITIVE>
<LEDGERFROMITEM>No</LEDGERFROMITEM>
<LEDGERNAME>SGST</LEDGERNAME>
<AMOUNT>81.0000000</AMOUNT>
</ALLLEDGERENTRIES.LIST>
<ALLLEDGERENTRIES.LIST>
<REMOVEZEROENTRIES>No</REMOVEZEROENTRIES>
<ISDEEMEDPOSITIVE>No</ISDEEMEDPOSITIVE>
<LEDGERFROMITEM>No</LEDGERFROMITEM>
<LEDGERNAME>SHORT AND EXCESS</LEDGERNAME>
<AMOUNT>0.060</AMOUNT>
</ALLLEDGERENTRIES.LIST>
</VOUCHER>
<VOUCHER>
<ISOPTIONAL>No</ISOPTIONAL>
<USEFORGAINLOSS>No</USEFORGAINLOSS>
<USEFORCOMPOUND>No</USEFORCOMPOUND>
<VOUCHERTYPENAME>Sales-Import-CFSM</VOUCHERTYPENAME>
<DATE>20180326</DATE>
<EFFECTIVEDATE>20180326</EFFECTIVEDATE>
<ISCANCELLED>No</ISCANCELLED>
<USETRACKINGNUMBER>No</USETRACKINGNUMBER>
<ISPOSTDATED>No</ISPOSTDATED>
<ISINVOICE>No</ISINVOICE>
<DIFFACTUALQTY>No</DIFFACTUALQTY>
<VOUCHERNUMBER>ALSI016113/17-18</VOUCHERNUMBER>
<PARTYLEDGERNAME>B V BIO CORP PVT LTD</PARTYLEDGERNAME>
<NARRATION>Being amount debited towards IGM No: 2189768, BL NO: HLCUSIN180200259, Importer: B.V BIO-CORP PVT.LTD, VOY NO: 47E, Vessel: MAULLIN, LINER: Hapag OffDocTHC-Hapag LLoyd India Pvt. Ltd. and containers:  1 X 20, Invoice No: ALSI016113/17-18</NARRATION>
<ALLLEDGERENTRIES.LIST>
<REMOVEZEROENTRIES>No</REMOVEZEROENTRIES>
<ISDEEMEDPOSITIVE>Yes</ISDEEMEDPOSITIVE>
<LEDGERFROMITEM>No</LEDGERFROMITEM>
<LEDGERNAME>B V BIO CORP PVT LTD</LEDGERNAME>
<AMOUNT>-18284.000</AMOUNT>
<BILLALLOCATIONS.LIST>
<NAME>ALSI016113/17-18</NAME>
<BILLTYPE>New Ref</BILLTYPE>
<AMOUNT>-18284.000</AMOUNT>
</BILLALLOCATIONS.LIST>
</ALLLEDGERENTRIES.LIST>
<ALLLEDGERENTRIES.LIST>
<REMOVEZEROENTRIES>No</REMOVEZEROENTRIES>
<ISDEEMEDPOSITIVE>No</ISDEEMEDPOSITIVE>
<LEDGERFROMITEM>No</LEDGERFROMITEM>
<LEDGERNAME>Container Handling Services-Import-GST</LEDGERNAME>
<AMOUNT>4365.000</AMOUNT>
</ALLLEDGERENTRIES.LIST>
<ALLLEDGERENTRIES.LIST>
<REMOVEZEROENTRIES>No</REMOVEZEROENTRIES>
<ISDEEMEDPOSITIVE>No</ISDEEMEDPOSITIVE>
<LEDGERFROMITEM>No</LEDGERFROMITEM>
<LEDGERNAME>CGST</LEDGERNAME>
<AMOUNT>392.8500000</AMOUNT>
</ALLLEDGERENTRIES.LIST>
<ALLLEDGERENTRIES.LIST>
<REMOVEZEROENTRIES>No</REMOVEZEROENTRIES>
<ISDEEMEDPOSITIVE>No</ISDEEMEDPOSITIVE>
<LEDGERFROMITEM>No</LEDGERFROMITEM>
<LEDGERNAME>SGST</LEDGERNAME>
<AMOUNT>392.8500000</AMOUNT>
</ALLLEDGERENTRIES.LIST>
<ALLLEDGERENTRIES.LIST>
<REMOVEZEROENTRIES>No</REMOVEZEROENTRIES>
<ISDEEMEDPOSITIVE>No</ISDEEMEDPOSITIVE>
<LEDGERFROMITEM>No</LEDGERFROMITEM>
<LEDGERNAME>Container Handling Services-Import-GST</LEDGERNAME>
<AMOUNT>1000.000</AMOUNT>
</ALLLEDGERENTRIES.LIST>
<ALLLEDGERENTRIES.LIST>
<REMOVEZEROENTRIES>No</REMOVEZEROENTRIES>
<ISDEEMEDPOSITIVE>No</ISDEEMEDPOSITIVE>
<LEDGERFROMITEM>No</LEDGERFROMITEM>
<LEDGERNAME>CGST</LEDGERNAME>
<AMOUNT>90.0000000</AMOUNT>
</ALLLEDGERENTRIES.LIST>
<ALLLEDGERENTRIES.LIST>
<REMOVEZEROENTRIES>No</REMOVEZEROENTRIES>
<ISDEEMEDPOSITIVE>No</ISDEEMEDPOSITIVE>
<LEDGERFROMITEM>No</LEDGERFROMITEM>
<LEDGERNAME>SGST</LEDGERNAME>
<AMOUNT>90.0000000</AMOUNT>
</ALLLEDGERENTRIES.LIST>
<ALLLEDGERENTRIES.LIST>
<REMOVEZEROENTRIES>No</REMOVEZEROENTRIES>
<ISDEEMEDPOSITIVE>No</ISDEEMEDPOSITIVE>
<LEDGERFROMITEM>No</LEDGERFROMITEM>
<LEDGERNAME>Other Storage and Warehousing Services-Import-GST</LEDGERNAME>
<AMOUNT>7650.000</AMOUNT>
</ALLLEDGERENTRIES.LIST>
<ALLLEDGERENTRIES.LIST>
<REMOVEZEROENTRIES>No</REMOVEZEROENTRIES>
<ISDEEMEDPOSITIVE>No</ISDEEMEDPOSITIVE>
<LEDGERFROMITEM>No</LEDGERFROMITEM>
<LEDGERNAME>CGST</LEDGERNAME>
<AMOUNT>688.5000000</AMOUNT>
</ALLLEDGERENTRIES.LIST>
<ALLLEDGERENTRIES.LIST>
<REMOVEZEROENTRIES>No</REMOVEZEROENTRIES>
<ISDEEMEDPOSITIVE>No</ISDEEMEDPOSITIVE>
<LEDGERFROMITEM>No</LEDGERFROMITEM>
<LEDGERNAME>SGST</LEDGERNAME>
<AMOUNT>688.5000000</AMOUNT>
</ALLLEDGERENTRIES.LIST>
<ALLLEDGERENTRIES.LIST>
<REMOVEZEROENTRIES>No</REMOVEZEROENTRIES>
<ISDEEMEDPOSITIVE>No</ISDEEMEDPOSITIVE>
<LEDGERFROMITEM>No</LEDGERFROMITEM>
<LEDGERNAME>Container Handling Services-Import-GST</LEDGERNAME>
<AMOUNT>1100.000</AMOUNT>
</ALLLEDGERENTRIES.LIST>
<ALLLEDGERENTRIES.LIST>
<REMOVEZEROENTRIES>No</REMOVEZEROENTRIES>
<ISDEEMEDPOSITIVE>No</ISDEEMEDPOSITIVE>
<LEDGERFROMITEM>No</LEDGERFROMITEM>
<LEDGERNAME>CGST</LEDGERNAME>
<AMOUNT>99.0000000</AMOUNT>
</ALLLEDGERENTRIES.LIST>
<ALLLEDGERENTRIES.LIST>
<REMOVEZEROENTRIES>No</REMOVEZEROENTRIES>
<ISDEEMEDPOSITIVE>No</ISDEEMEDPOSITIVE>
<LEDGERFROMITEM>No</LEDGERFROMITEM>
<LEDGERNAME>SGST</LEDGERNAME>
<AMOUNT>99.0000000</AMOUNT>
</ALLLEDGERENTRIES.LIST>
<ALLLEDGERENTRIES.LIST>
<REMOVEZEROENTRIES>No</REMOVEZEROENTRIES>
<ISDEEMEDPOSITIVE>No</ISDEEMEDPOSITIVE>
<LEDGERFROMITEM>No</LEDGERFROMITEM>
<LEDGERNAME>Container Handling Services-Import-GST</LEDGERNAME>
<AMOUNT>50.000</AMOUNT>
</ALLLEDGERENTRIES.LIST>
<ALLLEDGERENTRIES.LIST>
<REMOVEZEROENTRIES>No</REMOVEZEROENTRIES>
<ISDEEMEDPOSITIVE>No</ISDEEMEDPOSITIVE>
<LEDGERFROMITEM>No</LEDGERFROMITEM>
<LEDGERNAME>CGST</LEDGERNAME>
<AMOUNT>4.5000000</AMOUNT>
</ALLLEDGERENTRIES.LIST>
<ALLLEDGERENTRIES.LIST>
<REMOVEZEROENTRIES>No</REMOVEZEROENTRIES>
<ISDEEMEDPOSITIVE>No</ISDEEMEDPOSITIVE>
<LEDGERFROMITEM>No</LEDGERFROMITEM>
<LEDGERNAME>SGST</LEDGERNAME>
<AMOUNT>4.5000000</AMOUNT>
</ALLLEDGERENTRIES.LIST>
<ALLLEDGERENTRIES.LIST>
<REMOVEZEROENTRIES>No</REMOVEZEROENTRIES>
<ISDEEMEDPOSITIVE>No</ISDEEMEDPOSITIVE>
<LEDGERFROMITEM>No</LEDGERFROMITEM>
<LEDGERNAME>Container Handling Services-Import-GST</LEDGERNAME>
<AMOUNT>30.000</AMOUNT>
</ALLLEDGERENTRIES.LIST>
<ALLLEDGERENTRIES.LIST>
<REMOVEZEROENTRIES>No</REMOVEZEROENTRIES>
<ISDEEMEDPOSITIVE>No</ISDEEMEDPOSITIVE>
<LEDGERFROMITEM>No</LEDGERFROMITEM>
<LEDGERNAME>CGST</LEDGERNAME>
<AMOUNT>2.7000000</AMOUNT>
</ALLLEDGERENTRIES.LIST>
<ALLLEDGERENTRIES.LIST>
<REMOVEZEROENTRIES>No</REMOVEZEROENTRIES>
<ISDEEMEDPOSITIVE>No</ISDEEMEDPOSITIVE>
<LEDGERFROMITEM>No</LEDGERFROMITEM>
<LEDGERNAME>SGST</LEDGERNAME>
<AMOUNT>2.7000000</AMOUNT>
</ALLLEDGERENTRIES.LIST>
<ALLLEDGERENTRIES.LIST>
<REMOVEZEROENTRIES>No</REMOVEZEROENTRIES>
<ISDEEMEDPOSITIVE>No</ISDEEMEDPOSITIVE>
<LEDGERFROMITEM>No</LEDGERFROMITEM>
<LEDGERNAME>Container Handling Services-Import-GST</LEDGERNAME>
<AMOUNT>400.000</AMOUNT>
</ALLLEDGERENTRIES.LIST>
<ALLLEDGERENTRIES.LIST>
<REMOVEZEROENTRIES>No</REMOVEZEROENTRIES>
<ISDEEMEDPOSITIVE>No</ISDEEMEDPOSITIVE>
<LEDGERFROMITEM>No</LEDGERFROMITEM>
<LEDGERNAME>CGST</LEDGERNAME>
<AMOUNT>36.0000000</AMOUNT>
</ALLLEDGERENTRIES.LIST>
<ALLLEDGERENTRIES.LIST>
<REMOVEZEROENTRIES>No</REMOVEZEROENTRIES>
<ISDEEMEDPOSITIVE>No</ISDEEMEDPOSITIVE>
<LEDGERFROMITEM>No</LEDGERFROMITEM>
<LEDGERNAME>SGST</LEDGERNAME>
<AMOUNT>36.0000000</AMOUNT>
</ALLLEDGERENTRIES.LIST>
<ALLLEDGERENTRIES.LIST>
<REMOVEZEROENTRIES>No</REMOVEZEROENTRIES>
<ISDEEMEDPOSITIVE>No</ISDEEMEDPOSITIVE>
<LEDGERFROMITEM>No</LEDGERFROMITEM>
<LEDGERNAME>Container Handling Services-Import-GST</LEDGERNAME>
<AMOUNT>900.000</AMOUNT>
</ALLLEDGERENTRIES.LIST>
<ALLLEDGERENTRIES.LIST>
<REMOVEZEROENTRIES>No</REMOVEZEROENTRIES>
<ISDEEMEDPOSITIVE>No</ISDEEMEDPOSITIVE>
<LEDGERFROMITEM>No</LEDGERFROMITEM>
<LEDGERNAME>CGST</LEDGERNAME>
<AMOUNT>81.0000000</AMOUNT>
</ALLLEDGERENTRIES.LIST>
<ALLLEDGERENTRIES.LIST>
<REMOVEZEROENTRIES>No</REMOVEZEROENTRIES>
<ISDEEMEDPOSITIVE>No</ISDEEMEDPOSITIVE>
<LEDGERFROMITEM>No</LEDGERFROMITEM>
<LEDGERNAME>SGST</LEDGERNAME>
<AMOUNT>81.0000000</AMOUNT>
</ALLLEDGERENTRIES.LIST>
<ALLLEDGERENTRIES.LIST>
<REMOVEZEROENTRIES>No</REMOVEZEROENTRIES>
<ISDEEMEDPOSITIVE>No</ISDEEMEDPOSITIVE>
<LEDGERFROMITEM>No</LEDGERFROMITEM>
<LEDGERNAME>SHORT AND EXCESS</LEDGERNAME>
<AMOUNT>-0.100</AMOUNT>
</ALLLEDGERENTRIES.LIST>
</VOUCHER>
<VOUCHER>
<ISOPTIONAL>No</ISOPTIONAL>
<USEFORGAINLOSS>No</USEFORGAINLOSS>
<USEFORCOMPOUND>No</USEFORCOMPOUND>
<VOUCHERTYPENAME>Sales-Import-CFSM</VOUCHERTYPENAME>
<DATE>20180326</DATE>
<EFFECTIVEDATE>20180326</EFFECTIVEDATE>
<ISCANCELLED>No</ISCANCELLED>
<USETRACKINGNUMBER>No</USETRACKINGNUMBER>
<ISPOSTDATED>No</ISPOSTDATED>
<ISINVOICE>No</ISINVOICE>
<DIFFACTUALQTY>No</DIFFACTUALQTY>
<VOUCHERNUMBER>ALSI016114/17-18</VOUCHERNUMBER>
<PARTYLEDGERNAME>SPANDO IMPEX</PARTYLEDGERNAME>
<NARRATION>Being amount debited towards IGM No: 2190288, BL NO: YSNBF18020251, Importer: SPANDO IMPEX., VOY NO: 151, Vessel: JPO TAURUS, LINER: WAN HAI LINE and containers:  1 X 20, Invoice No: ALSI016114/17-18</NARRATION>
<ALLLEDGERENTRIES.LIST>
<REMOVEZEROENTRIES>No</REMOVEZEROENTRIES>
<ISDEEMEDPOSITIVE>Yes</ISDEEMEDPOSITIVE>
<LEDGERFROMITEM>No</LEDGERFROMITEM>
<LEDGERNAME>SPANDO IMPEX</LEDGERNAME>
<AMOUNT>-12620.000</AMOUNT>
<BILLALLOCATIONS.LIST>
<NAME>ALSI016114/17-18</NAME>
<BILLTYPE>New Ref</BILLTYPE>
<AMOUNT>-12620.000</AMOUNT>
</BILLALLOCATIONS.LIST>
</ALLLEDGERENTRIES.LIST>
<ALLLEDGERENTRIES.LIST>
<REMOVEZEROENTRIES>No</REMOVEZEROENTRIES>
<ISDEEMEDPOSITIVE>No</ISDEEMEDPOSITIVE>
<LEDGERFROMITEM>No</LEDGERFROMITEM>
<LEDGERNAME>Container Handling Services-Import-GST</LEDGERNAME>
<AMOUNT>5865.000</AMOUNT>
</ALLLEDGERENTRIES.LIST>
<ALLLEDGERENTRIES.LIST>
<REMOVEZEROENTRIES>No</REMOVEZEROENTRIES>
<ISDEEMEDPOSITIVE>No</ISDEEMEDPOSITIVE>
<LEDGERFROMITEM>No</LEDGERFROMITEM>
<LEDGERNAME>CGST</LEDGERNAME>
<AMOUNT>527.8500000</AMOUNT>
</ALLLEDGERENTRIES.LIST>
<ALLLEDGERENTRIES.LIST>
<REMOVEZEROENTRIES>No</REMOVEZEROENTRIES>
<ISDEEMEDPOSITIVE>No</ISDEEMEDPOSITIVE>
<LEDGERFROMITEM>No</LEDGERFROMITEM>
<LEDGERNAME>SGST</LEDGERNAME>
<AMOUNT>527.8500000</AMOUNT>
</ALLLEDGERENTRIES.LIST>
<ALLLEDGERENTRIES.LIST>
<REMOVEZEROENTRIES>No</REMOVEZEROENTRIES>
<ISDEEMEDPOSITIVE>No</ISDEEMEDPOSITIVE>
<LEDGERFROMITEM>No</LEDGERFROMITEM>
<LEDGERNAME>Container Handling Services-Import-GST</LEDGERNAME>
<AMOUNT>1000.000</AMOUNT>
</ALLLEDGERENTRIES.LIST>
<ALLLEDGERENTRIES.LIST>
<REMOVEZEROENTRIES>No</REMOVEZEROENTRIES>
<ISDEEMEDPOSITIVE>No</ISDEEMEDPOSITIVE>
<LEDGERFROMITEM>No</LEDGERFROMITEM>
<LEDGERNAME>CGST</LEDGERNAME>
<AMOUNT>90.0000000</AMOUNT>
</ALLLEDGERENTRIES.LIST>
<ALLLEDGERENTRIES.LIST>
<REMOVEZEROENTRIES>No</REMOVEZEROENTRIES>
<ISDEEMEDPOSITIVE>No</ISDEEMEDPOSITIVE>
<LEDGERFROMITEM>No</LEDGERFROMITEM>
<LEDGERNAME>SGST</LEDGERNAME>
<AMOUNT>90.0000000</AMOUNT>
</ALLLEDGERENTRIES.LIST>
<ALLLEDGERENTRIES.LIST>
<REMOVEZEROENTRIES>No</REMOVEZEROENTRIES>
<ISDEEMEDPOSITIVE>No</ISDEEMEDPOSITIVE>
<LEDGERFROMITEM>No</LEDGERFROMITEM>
<LEDGERNAME>Other Storage and Warehousing Services-Import-GST</LEDGERNAME>
<AMOUNT>1350.000</AMOUNT>
</ALLLEDGERENTRIES.LIST>
<ALLLEDGERENTRIES.LIST>
<REMOVEZEROENTRIES>No</REMOVEZEROENTRIES>
<ISDEEMEDPOSITIVE>No</ISDEEMEDPOSITIVE>
<LEDGERFROMITEM>No</LEDGERFROMITEM>
<LEDGERNAME>CGST</LEDGERNAME>
<AMOUNT>121.5000000</AMOUNT>
</ALLLEDGERENTRIES.LIST>
<ALLLEDGERENTRIES.LIST>
<REMOVEZEROENTRIES>No</REMOVEZEROENTRIES>
<ISDEEMEDPOSITIVE>No</ISDEEMEDPOSITIVE>
<LEDGERFROMITEM>No</LEDGERFROMITEM>
<LEDGERNAME>SGST</LEDGERNAME>
<AMOUNT>121.5000000</AMOUNT>
</ALLLEDGERENTRIES.LIST>
<ALLLEDGERENTRIES.LIST>
<REMOVEZEROENTRIES>No</REMOVEZEROENTRIES>
<ISDEEMEDPOSITIVE>No</ISDEEMEDPOSITIVE>
<LEDGERFROMITEM>No</LEDGERFROMITEM>
<LEDGERNAME>Container Handling Services-Import-GST</LEDGERNAME>
<AMOUNT>1100.000</AMOUNT>
</ALLLEDGERENTRIES.LIST>
<ALLLEDGERENTRIES.LIST>
<REMOVEZEROENTRIES>No</REMOVEZEROENTRIES>
<ISDEEMEDPOSITIVE>No</ISDEEMEDPOSITIVE>
<LEDGERFROMITEM>No</LEDGERFROMITEM>
<LEDGERNAME>CGST</LEDGERNAME>
<AMOUNT>99.0000000</AMOUNT>
</ALLLEDGERENTRIES.LIST>
<ALLLEDGERENTRIES.LIST>
<REMOVEZEROENTRIES>No</REMOVEZEROENTRIES>
<ISDEEMEDPOSITIVE>No</ISDEEMEDPOSITIVE>
<LEDGERFROMITEM>No</LEDGERFROMITEM>
<LEDGERNAME>SGST</LEDGERNAME>
<AMOUNT>99.0000000</AMOUNT>
</ALLLEDGERENTRIES.LIST>
<ALLLEDGERENTRIES.LIST>
<REMOVEZEROENTRIES>No</REMOVEZEROENTRIES>
<ISDEEMEDPOSITIVE>No</ISDEEMEDPOSITIVE>
<LEDGERFROMITEM>No</LEDGERFROMITEM>
<LEDGERNAME>Container Handling Services-Import-GST</LEDGERNAME>
<AMOUNT>50.000</AMOUNT>
</ALLLEDGERENTRIES.LIST>
<ALLLEDGERENTRIES.LIST>
<REMOVEZEROENTRIES>No</REMOVEZEROENTRIES>
<ISDEEMEDPOSITIVE>No</ISDEEMEDPOSITIVE>
<LEDGERFROMITEM>No</LEDGERFROMITEM>
<LEDGERNAME>CGST</LEDGERNAME>
<AMOUNT>4.5000000</AMOUNT>
</ALLLEDGERENTRIES.LIST>
<ALLLEDGERENTRIES.LIST>
<REMOVEZEROENTRIES>No</REMOVEZEROENTRIES>
<ISDEEMEDPOSITIVE>No</ISDEEMEDPOSITIVE>
<LEDGERFROMITEM>No</LEDGERFROMITEM>
<LEDGERNAME>SGST</LEDGERNAME>
<AMOUNT>4.5000000</AMOUNT>
</ALLLEDGERENTRIES.LIST>
<ALLLEDGERENTRIES.LIST>
<REMOVEZEROENTRIES>No</REMOVEZEROENTRIES>
<ISDEEMEDPOSITIVE>No</ISDEEMEDPOSITIVE>
<LEDGERFROMITEM>No</LEDGERFROMITEM>
<LEDGERNAME>Container Handling Services-Import-GST</LEDGERNAME>
<AMOUNT>30.000</AMOUNT>
</ALLLEDGERENTRIES.LIST>
<ALLLEDGERENTRIES.LIST>
<REMOVEZEROENTRIES>No</REMOVEZEROENTRIES>
<ISDEEMEDPOSITIVE>No</ISDEEMEDPOSITIVE>
<LEDGERFROMITEM>No</LEDGERFROMITEM>
<LEDGERNAME>CGST</LEDGERNAME>
<AMOUNT>2.7000000</AMOUNT>
</ALLLEDGERENTRIES.LIST>
<ALLLEDGERENTRIES.LIST>
<REMOVEZEROENTRIES>No</REMOVEZEROENTRIES>
<ISDEEMEDPOSITIVE>No</ISDEEMEDPOSITIVE>
<LEDGERFROMITEM>No</LEDGERFROMITEM>
<LEDGERNAME>SGST</LEDGERNAME>
<AMOUNT>2.7000000</AMOUNT>
</ALLLEDGERENTRIES.LIST>
<ALLLEDGERENTRIES.LIST>
<REMOVEZEROENTRIES>No</REMOVEZEROENTRIES>
<ISDEEMEDPOSITIVE>No</ISDEEMEDPOSITIVE>
<LEDGERFROMITEM>No</LEDGERFROMITEM>
<LEDGERNAME>Container Handling Services-Import-GST</LEDGERNAME>
<AMOUNT>400.000</AMOUNT>
</ALLLEDGERENTRIES.LIST>
<ALLLEDGERENTRIES.LIST>
<REMOVEZEROENTRIES>No</REMOVEZEROENTRIES>
<ISDEEMEDPOSITIVE>No</ISDEEMEDPOSITIVE>
<LEDGERFROMITEM>No</LEDGERFROMITEM>
<LEDGERNAME>CGST</LEDGERNAME>
<AMOUNT>36.0000000</AMOUNT>
</ALLLEDGERENTRIES.LIST>
<ALLLEDGERENTRIES.LIST>
<REMOVEZEROENTRIES>No</REMOVEZEROENTRIES>
<ISDEEMEDPOSITIVE>No</ISDEEMEDPOSITIVE>
<LEDGERFROMITEM>No</LEDGERFROMITEM>
<LEDGERNAME>SGST</LEDGERNAME>
<AMOUNT>36.0000000</AMOUNT>
</ALLLEDGERENTRIES.LIST>
<ALLLEDGERENTRIES.LIST>
<REMOVEZEROENTRIES>No</REMOVEZEROENTRIES>
<ISDEEMEDPOSITIVE>No</ISDEEMEDPOSITIVE>
<LEDGERFROMITEM>No</LEDGERFROMITEM>
<LEDGERNAME>Container Handling Services-Import-GST</LEDGERNAME>
<AMOUNT>900.000</AMOUNT>
</ALLLEDGERENTRIES.LIST>
<ALLLEDGERENTRIES.LIST>
<REMOVEZEROENTRIES>No</REMOVEZEROENTRIES>
<ISDEEMEDPOSITIVE>No</ISDEEMEDPOSITIVE>
<LEDGERFROMITEM>No</LEDGERFROMITEM>
<LEDGERNAME>CGST</LEDGERNAME>
<AMOUNT>81.0000000</AMOUNT>
</ALLLEDGERENTRIES.LIST>
<ALLLEDGERENTRIES.LIST>
<REMOVEZEROENTRIES>No</REMOVEZEROENTRIES>
<ISDEEMEDPOSITIVE>No</ISDEEMEDPOSITIVE>
<LEDGERFROMITEM>No</LEDGERFROMITEM>
<LEDGERNAME>SGST</LEDGERNAME>
<AMOUNT>81.0000000</AMOUNT>
</ALLLEDGERENTRIES.LIST>
<ALLLEDGERENTRIES.LIST>
<REMOVEZEROENTRIES>No</REMOVEZEROENTRIES>
<ISDEEMEDPOSITIVE>No</ISDEEMEDPOSITIVE>
<LEDGERFROMITEM>No</LEDGERFROMITEM>
<LEDGERNAME>SHORT AND EXCESS</LEDGERNAME>
<AMOUNT>-0.100</AMOUNT>
</ALLLEDGERENTRIES.LIST>
</VOUCHER>
<VOUCHER>
<ISOPTIONAL>No</ISOPTIONAL>
<USEFORGAINLOSS>No</USEFORGAINLOSS>
<USEFORCOMPOUND>No</USEFORCOMPOUND>
<VOUCHERTYPENAME>Sales-Import-CFSM</VOUCHERTYPENAME>
<DATE>20180326</DATE>
<EFFECTIVEDATE>20180326</EFFECTIVEDATE>
<ISCANCELLED>No</ISCANCELLED>
<USETRACKINGNUMBER>No</USETRACKINGNUMBER>
<ISPOSTDATED>No</ISPOSTDATED>
<ISINVOICE>No</ISINVOICE>
<DIFFACTUALQTY>No</DIFFACTUALQTY>
<VOUCHERNUMBER>ALSI016115/17-18</VOUCHERNUMBER>
<PARTYLEDGERNAME>ZION EXPRESS CARGO PVT.LTD.</PARTYLEDGERNAME>
<NARRATION>Being amount debited towards IGM No: 2190495, BL NO: XBQ756095, Importer: ROBERT BOSCH AUTOMOTIVE STEERING, VOY NO: 1, Vessel: APL CHARLESTON, LINER: Hapag OffDocTHC-Hapag LLoyd India Pvt. Ltd. and containers:  1 X 20, Invoice No: ALSI016115/17-18</NARRATION>
<ALLLEDGERENTRIES.LIST>
<REMOVEZEROENTRIES>No</REMOVEZEROENTRIES>
<ISDEEMEDPOSITIVE>Yes</ISDEEMEDPOSITIVE>
<LEDGERFROMITEM>No</LEDGERFROMITEM>
<LEDGERNAME>ZION EXPRESS CARGO PVT.LTD.</LEDGERNAME>
<AMOUNT>-9139.000</AMOUNT>
<BILLALLOCATIONS.LIST>
<NAME>ALSI016115/17-18</NAME>
<BILLTYPE>New Ref</BILLTYPE>
<AMOUNT>-9139.000</AMOUNT>
</BILLALLOCATIONS.LIST>
</ALLLEDGERENTRIES.LIST>
<ALLLEDGERENTRIES.LIST>
<REMOVEZEROENTRIES>No</REMOVEZEROENTRIES>
<ISDEEMEDPOSITIVE>No</ISDEEMEDPOSITIVE>
<LEDGERFROMITEM>No</LEDGERFROMITEM>
<LEDGERNAME>Container Handling Services-Import-GST</LEDGERNAME>
<AMOUNT>4365.000</AMOUNT>
</ALLLEDGERENTRIES.LIST>
<ALLLEDGERENTRIES.LIST>
<REMOVEZEROENTRIES>No</REMOVEZEROENTRIES>
<ISDEEMEDPOSITIVE>No</ISDEEMEDPOSITIVE>
<LEDGERFROMITEM>No</LEDGERFROMITEM>
<LEDGERNAME>CGST</LEDGERNAME>
<AMOUNT>392.8500000</AMOUNT>
</ALLLEDGERENTRIES.LIST>
<ALLLEDGERENTRIES.LIST>
<REMOVEZEROENTRIES>No</REMOVEZEROENTRIES>
<ISDEEMEDPOSITIVE>No</ISDEEMEDPOSITIVE>
<LEDGERFROMITEM>No</LEDGERFROMITEM>
<LEDGERNAME>SGST</LEDGERNAME>
<AMOUNT>392.8500000</AMOUNT>
</ALLLEDGERENTRIES.LIST>
<ALLLEDGERENTRIES.LIST>
<REMOVEZEROENTRIES>No</REMOVEZEROENTRIES>
<ISDEEMEDPOSITIVE>No</ISDEEMEDPOSITIVE>
<LEDGERFROMITEM>No</LEDGERFROMITEM>
<LEDGERNAME>Other Storage and Warehousing Services-Import-GST</LEDGERNAME>
<AMOUNT>900.000</AMOUNT>
</ALLLEDGERENTRIES.LIST>
<ALLLEDGERENTRIES.LIST>
<REMOVEZEROENTRIES>No</REMOVEZEROENTRIES>
<ISDEEMEDPOSITIVE>No</ISDEEMEDPOSITIVE>
<LEDGERFROMITEM>No</LEDGERFROMITEM>
<LEDGERNAME>CGST</LEDGERNAME>
<AMOUNT>81.0000000</AMOUNT>
</ALLLEDGERENTRIES.LIST>
<ALLLEDGERENTRIES.LIST>
<REMOVEZEROENTRIES>No</REMOVEZEROENTRIES>
<ISDEEMEDPOSITIVE>No</ISDEEMEDPOSITIVE>
<LEDGERFROMITEM>No</LEDGERFROMITEM>
<LEDGERNAME>SGST</LEDGERNAME>
<AMOUNT>81.0000000</AMOUNT>
</ALLLEDGERENTRIES.LIST>
<ALLLEDGERENTRIES.LIST>
<REMOVEZEROENTRIES>No</REMOVEZEROENTRIES>
<ISDEEMEDPOSITIVE>No</ISDEEMEDPOSITIVE>
<LEDGERFROMITEM>No</LEDGERFROMITEM>
<LEDGERNAME>Container Handling Services-Import-GST</LEDGERNAME>
<AMOUNT>1100.000</AMOUNT>
</ALLLEDGERENTRIES.LIST>
<ALLLEDGERENTRIES.LIST>
<REMOVEZEROENTRIES>No</REMOVEZEROENTRIES>
<ISDEEMEDPOSITIVE>No</ISDEEMEDPOSITIVE>
<LEDGERFROMITEM>No</LEDGERFROMITEM>
<LEDGERNAME>CGST</LEDGERNAME>
<AMOUNT>99.0000000</AMOUNT>
</ALLLEDGERENTRIES.LIST>
<ALLLEDGERENTRIES.LIST>
<REMOVEZEROENTRIES>No</REMOVEZEROENTRIES>
<ISDEEMEDPOSITIVE>No</ISDEEMEDPOSITIVE>
<LEDGERFROMITEM>No</LEDGERFROMITEM>
<LEDGERNAME>SGST</LEDGERNAME>
<AMOUNT>99.0000000</AMOUNT>
</ALLLEDGERENTRIES.LIST>
<ALLLEDGERENTRIES.LIST>
<REMOVEZEROENTRIES>No</REMOVEZEROENTRIES>
<ISDEEMEDPOSITIVE>No</ISDEEMEDPOSITIVE>
<LEDGERFROMITEM>No</LEDGERFROMITEM>
<LEDGERNAME>Container Handling Services-Import-GST</LEDGERNAME>
<AMOUNT>50.000</AMOUNT>
</ALLLEDGERENTRIES.LIST>
<ALLLEDGERENTRIES.LIST>
<REMOVEZEROENTRIES>No</REMOVEZEROENTRIES>
<ISDEEMEDPOSITIVE>No</ISDEEMEDPOSITIVE>
<LEDGERFROMITEM>No</LEDGERFROMITEM>
<LEDGERNAME>CGST</LEDGERNAME>
<AMOUNT>4.5000000</AMOUNT>
</ALLLEDGERENTRIES.LIST>
<ALLLEDGERENTRIES.LIST>
<REMOVEZEROENTRIES>No</REMOVEZEROENTRIES>
<ISDEEMEDPOSITIVE>No</ISDEEMEDPOSITIVE>
<LEDGERFROMITEM>No</LEDGERFROMITEM>
<LEDGERNAME>SGST</LEDGERNAME>
<AMOUNT>4.5000000</AMOUNT>
</ALLLEDGERENTRIES.LIST>
<ALLLEDGERENTRIES.LIST>
<REMOVEZEROENTRIES>No</REMOVEZEROENTRIES>
<ISDEEMEDPOSITIVE>No</ISDEEMEDPOSITIVE>
<LEDGERFROMITEM>No</LEDGERFROMITEM>
<LEDGERNAME>Container Handling Services-Import-GST</LEDGERNAME>
<AMOUNT>30.000</AMOUNT>
</ALLLEDGERENTRIES.LIST>
<ALLLEDGERENTRIES.LIST>
<REMOVEZEROENTRIES>No</REMOVEZEROENTRIES>
<ISDEEMEDPOSITIVE>No</ISDEEMEDPOSITIVE>
<LEDGERFROMITEM>No</LEDGERFROMITEM>
<LEDGERNAME>CGST</LEDGERNAME>
<AMOUNT>2.7000000</AMOUNT>
</ALLLEDGERENTRIES.LIST>
<ALLLEDGERENTRIES.LIST>
<REMOVEZEROENTRIES>No</REMOVEZEROENTRIES>
<ISDEEMEDPOSITIVE>No</ISDEEMEDPOSITIVE>
<LEDGERFROMITEM>No</LEDGERFROMITEM>
<LEDGERNAME>SGST</LEDGERNAME>
<AMOUNT>2.7000000</AMOUNT>
</ALLLEDGERENTRIES.LIST>
<ALLLEDGERENTRIES.LIST>
<REMOVEZEROENTRIES>No</REMOVEZEROENTRIES>
<ISDEEMEDPOSITIVE>No</ISDEEMEDPOSITIVE>
<LEDGERFROMITEM>No</LEDGERFROMITEM>
<LEDGERNAME>Container Handling Services-Import-GST</LEDGERNAME>
<AMOUNT>400.000</AMOUNT>
</ALLLEDGERENTRIES.LIST>
<ALLLEDGERENTRIES.LIST>
<REMOVEZEROENTRIES>No</REMOVEZEROENTRIES>
<ISDEEMEDPOSITIVE>No</ISDEEMEDPOSITIVE>
<LEDGERFROMITEM>No</LEDGERFROMITEM>
<LEDGERNAME>CGST</LEDGERNAME>
<AMOUNT>36.0000000</AMOUNT>
</ALLLEDGERENTRIES.LIST>
<ALLLEDGERENTRIES.LIST>
<REMOVEZEROENTRIES>No</REMOVEZEROENTRIES>
<ISDEEMEDPOSITIVE>No</ISDEEMEDPOSITIVE>
<LEDGERFROMITEM>No</LEDGERFROMITEM>
<LEDGERNAME>SGST</LEDGERNAME>
<AMOUNT>36.0000000</AMOUNT>
</ALLLEDGERENTRIES.LIST>
<ALLLEDGERENTRIES.LIST>
<REMOVEZEROENTRIES>No</REMOVEZEROENTRIES>
<ISDEEMEDPOSITIVE>No</ISDEEMEDPOSITIVE>
<LEDGERFROMITEM>No</LEDGERFROMITEM>
<LEDGERNAME>Container Handling Services-Import-GST</LEDGERNAME>
<AMOUNT>900.000</AMOUNT>
</ALLLEDGERENTRIES.LIST>
<ALLLEDGERENTRIES.LIST>
<REMOVEZEROENTRIES>No</REMOVEZEROENTRIES>
<ISDEEMEDPOSITIVE>No</ISDEEMEDPOSITIVE>
<LEDGERFROMITEM>No</LEDGERFROMITEM>
<LEDGERNAME>CGST</LEDGERNAME>
<AMOUNT>81.0000000</AMOUNT>
</ALLLEDGERENTRIES.LIST>
<ALLLEDGERENTRIES.LIST>
<REMOVEZEROENTRIES>No</REMOVEZEROENTRIES>
<ISDEEMEDPOSITIVE>No</ISDEEMEDPOSITIVE>
<LEDGERFROMITEM>No</LEDGERFROMITEM>
<LEDGERNAME>SGST</LEDGERNAME>
<AMOUNT>81.0000000</AMOUNT>
</ALLLEDGERENTRIES.LIST>
<ALLLEDGERENTRIES.LIST>
<REMOVEZEROENTRIES>No</REMOVEZEROENTRIES>
<ISDEEMEDPOSITIVE>No</ISDEEMEDPOSITIVE>
<LEDGERFROMITEM>No</LEDGERFROMITEM>
<LEDGERNAME>SHORT AND EXCESS</LEDGERNAME>
<AMOUNT>-0.100</AMOUNT>
</ALLLEDGERENTRIES.LIST>
</VOUCHER>
<VOUCHER>
<ISOPTIONAL>No</ISOPTIONAL>
<USEFORGAINLOSS>No</USEFORGAINLOSS>
<USEFORCOMPOUND>No</USEFORCOMPOUND>
<VOUCHERTYPENAME>Sales-Import-CFSM</VOUCHERTYPENAME>
<DATE>20180326</DATE>
<EFFECTIVEDATE>20180326</EFFECTIVEDATE>
<ISCANCELLED>No</ISCANCELLED>
<USETRACKINGNUMBER>No</USETRACKINGNUMBER>
<ISPOSTDATED>No</ISPOSTDATED>
<ISINVOICE>No</ISINVOICE>
<DIFFACTUALQTY>No</DIFFACTUALQTY>
<VOUCHERNUMBER>ALSI016116/17-18</VOUCHERNUMBER>
<PARTYLEDGERNAME>FLUID METAL </PARTYLEDGERNAME>
<NARRATION>Being amount debited towards IGM No: 2190260, BL NO: EPIRKRFGCL121996, Importer: FLUID METAL, VOY NO: 1809W, Vessel: TESSA, LINER: EMIRATES SHIPPING LINE DMCEST and containers:  1 X 20, Invoice No: ALSI016116/17-18</NARRATION>
<ALLLEDGERENTRIES.LIST>
<REMOVEZEROENTRIES>No</REMOVEZEROENTRIES>
<ISDEEMEDPOSITIVE>Yes</ISDEEMEDPOSITIVE>
<LEDGERFROMITEM>No</LEDGERFROMITEM>
<LEDGERNAME>FLUID METAL </LEDGERNAME>
<AMOUNT>-14160.000</AMOUNT>
<BILLALLOCATIONS.LIST>
<NAME>ALSI016116/17-18</NAME>
<BILLTYPE>New Ref</BILLTYPE>
<AMOUNT>-14160.000</AMOUNT>
</BILLALLOCATIONS.LIST>
</ALLLEDGERENTRIES.LIST>
<ALLLEDGERENTRIES.LIST>
<REMOVEZEROENTRIES>No</REMOVEZEROENTRIES>
<ISDEEMEDPOSITIVE>No</ISDEEMEDPOSITIVE>
<LEDGERFROMITEM>No</LEDGERFROMITEM>
<LEDGERNAME>Container Handling Services-Import-GST</LEDGERNAME>
<AMOUNT>12000.000</AMOUNT>
</ALLLEDGERENTRIES.LIST>
<ALLLEDGERENTRIES.LIST>
<REMOVEZEROENTRIES>No</REMOVEZEROENTRIES>
<ISDEEMEDPOSITIVE>No</ISDEEMEDPOSITIVE>
<LEDGERFROMITEM>No</LEDGERFROMITEM>
<LEDGERNAME>CGST</LEDGERNAME>
<AMOUNT>1080.0000000</AMOUNT>
</ALLLEDGERENTRIES.LIST>
<ALLLEDGERENTRIES.LIST>
<REMOVEZEROENTRIES>No</REMOVEZEROENTRIES>
<ISDEEMEDPOSITIVE>No</ISDEEMEDPOSITIVE>
<LEDGERFROMITEM>No</LEDGERFROMITEM>
<LEDGERNAME>SGST</LEDGERNAME>
<AMOUNT>1080.0000000</AMOUNT>
</ALLLEDGERENTRIES.LIST>
<ALLLEDGERENTRIES.LIST>
<REMOVEZEROENTRIES>No</REMOVEZEROENTRIES>
<ISDEEMEDPOSITIVE>No</ISDEEMEDPOSITIVE>
<LEDGERFROMITEM>No</LEDGERFROMITEM>
<LEDGERNAME>SHORT AND EXCESS</LEDGERNAME>
<AMOUNT>0.000</AMOUNT>
</ALLLEDGERENTRIES.LIST>
</VOUCHER>
<VOUCHER>
<ISOPTIONAL>No</ISOPTIONAL>
<USEFORGAINLOSS>No</USEFORGAINLOSS>
<USEFORCOMPOUND>No</USEFORCOMPOUND>
<VOUCHERTYPENAME>Sales-Import-CFSM</VOUCHERTYPENAME>
<DATE>20180326</DATE>
<EFFECTIVEDATE>20180326</EFFECTIVEDATE>
<ISCANCELLED>No</ISCANCELLED>
<USETRACKINGNUMBER>No</USETRACKINGNUMBER>
<ISPOSTDATED>No</ISPOSTDATED>
<ISINVOICE>No</ISINVOICE>
<DIFFACTUALQTY>No</DIFFACTUALQTY>
<VOUCHERNUMBER>ALSI016117/17-18</VOUCHERNUMBER>
<PARTYLEDGERNAME>Apollo Fiege Integrated Logistics Pvt.Ltd(Import)</PARTYLEDGERNAME>
<NARRATION>Being amount debited towards IGM No: 2189058, BL NO: NYKSSINU04228500, Importer: WHIRLPOOL OF INDIA LIMITED, VOY NO: 043, Vessel: X PRESS MAKALU, LINER: NYK and containers:  1 X 20, Invoice No: ALSI016117/17-18</NARRATION>
<ALLLEDGERENTRIES.LIST>
<REMOVEZEROENTRIES>No</REMOVEZEROENTRIES>
<ISDEEMEDPOSITIVE>Yes</ISDEEMEDPOSITIVE>
<LEDGERFROMITEM>No</LEDGERFROMITEM>
<LEDGERNAME>Apollo Fiege Integrated Logistics Pvt.Ltd(Import)</LEDGERNAME>
<AMOUNT>-0.000</AMOUNT>
<BILLALLOCATIONS.LIST>
<NAME>ALSI016117/17-18</NAME>
<BILLTYPE>New Ref</BILLTYPE>
<AMOUNT>-0.000</AMOUNT>
</BILLALLOCATIONS.LIST>
</ALLLEDGERENTRIES.LIST>
<ALLLEDGERENTRIES.LIST>
<REMOVEZEROENTRIES>No</REMOVEZEROENTRIES>
<ISDEEMEDPOSITIVE>No</ISDEEMEDPOSITIVE>
<LEDGERFROMITEM>No</LEDGERFROMITEM>
<LEDGERNAME>Transport-Container Handling Charges GST</LEDGERNAME>
<AMOUNT>0.000</AMOUNT>
</ALLLEDGERENTRIES.LIST>
<ALLLEDGERENTRIES.LIST>
<REMOVEZEROENTRIES>No</REMOVEZEROENTRIES>
<ISDEEMEDPOSITIVE>No</ISDEEMEDPOSITIVE>
<LEDGERFROMITEM>No</LEDGERFROMITEM>
<LEDGERNAME>IGST</LEDGERNAME>
<AMOUNT>0.0000000</AMOUNT>
</ALLLEDGERENTRIES.LIST>
<ALLLEDGERENTRIES.LIST>
<REMOVEZEROENTRIES>No</REMOVEZEROENTRIES>
<ISDEEMEDPOSITIVE>No</ISDEEMEDPOSITIVE>
<LEDGERFROMITEM>No</LEDGERFROMITEM>
<LEDGERNAME>SHORT AND EXCESS</LEDGERNAME>
<AMOUNT>0.000</AMOUNT>
</ALLLEDGERENTRIES.LIST>
</VOUCHER>
<VOUCHER>
<ISOPTIONAL>No</ISOPTIONAL>
<USEFORGAINLOSS>No</USEFORGAINLOSS>
<USEFORCOMPOUND>No</USEFORCOMPOUND>
<VOUCHERTYPENAME>Sales-Import-CFSM</VOUCHERTYPENAME>
<DATE>20180326</DATE>
<EFFECTIVEDATE>20180326</EFFECTIVEDATE>
<ISCANCELLED>No</ISCANCELLED>
<USETRACKINGNUMBER>No</USETRACKINGNUMBER>
<ISPOSTDATED>No</ISPOSTDATED>
<ISINVOICE>No</ISINVOICE>
<DIFFACTUALQTY>No</DIFFACTUALQTY>
<VOUCHERNUMBER>ALSI016118/17-18</VOUCHERNUMBER>
<PARTYLEDGERNAME>IMS MERCANTILES PVT LTD</PARTYLEDGERNAME>
<NARRATION>Being amount debited towards IGM No: 2190288, BL NO: 0308A03495, Importer: IMS MERCANTILES PRIVATE LIMITED, VOY NO: 151, Vessel: JPO TAURUS, LINER: WAN HAI LINE and containers:  1 X 20, Invoice No: ALSI016118/17-18</NARRATION>
<ALLLEDGERENTRIES.LIST>
<REMOVEZEROENTRIES>No</REMOVEZEROENTRIES>
<ISDEEMEDPOSITIVE>Yes</ISDEEMEDPOSITIVE>
<LEDGERFROMITEM>No</LEDGERFROMITEM>
<LEDGERNAME>IMS MERCANTILES PVT LTD</LEDGERNAME>
<AMOUNT>-12620.000</AMOUNT>
<BILLALLOCATIONS.LIST>
<NAME>ALSI016118/17-18</NAME>
<BILLTYPE>New Ref</BILLTYPE>
<AMOUNT>-12620.000</AMOUNT>
</BILLALLOCATIONS.LIST>
</ALLLEDGERENTRIES.LIST>
<ALLLEDGERENTRIES.LIST>
<REMOVEZEROENTRIES>No</REMOVEZEROENTRIES>
<ISDEEMEDPOSITIVE>No</ISDEEMEDPOSITIVE>
<LEDGERFROMITEM>No</LEDGERFROMITEM>
<LEDGERNAME>Container Handling Services-Import-GST</LEDGERNAME>
<AMOUNT>5865.000</AMOUNT>
</ALLLEDGERENTRIES.LIST>
<ALLLEDGERENTRIES.LIST>
<REMOVEZEROENTRIES>No</REMOVEZEROENTRIES>
<ISDEEMEDPOSITIVE>No</ISDEEMEDPOSITIVE>
<LEDGERFROMITEM>No</LEDGERFROMITEM>
<LEDGERNAME>IGST</LEDGERNAME>
<AMOUNT>1055.7000000</AMOUNT>
</ALLLEDGERENTRIES.LIST>
<ALLLEDGERENTRIES.LIST>
<REMOVEZEROENTRIES>No</REMOVEZEROENTRIES>
<ISDEEMEDPOSITIVE>No</ISDEEMEDPOSITIVE>
<LEDGERFROMITEM>No</LEDGERFROMITEM>
<LEDGERNAME>Container Handling Services-Import-GST</LEDGERNAME>
<AMOUNT>1000.000</AMOUNT>
</ALLLEDGERENTRIES.LIST>
<ALLLEDGERENTRIES.LIST>
<REMOVEZEROENTRIES>No</REMOVEZEROENTRIES>
<ISDEEMEDPOSITIVE>No</ISDEEMEDPOSITIVE>
<LEDGERFROMITEM>No</LEDGERFROMITEM>
<LEDGERNAME>IGST</LEDGERNAME>
<AMOUNT>180.0000000</AMOUNT>
</ALLLEDGERENTRIES.LIST>
<ALLLEDGERENTRIES.LIST>
<REMOVEZEROENTRIES>No</REMOVEZEROENTRIES>
<ISDEEMEDPOSITIVE>No</ISDEEMEDPOSITIVE>
<LEDGERFROMITEM>No</LEDGERFROMITEM>
<LEDGERNAME>Other Storage and Warehousing Services-Import-GST</LEDGERNAME>
<AMOUNT>1350.000</AMOUNT>
</ALLLEDGERENTRIES.LIST>
<ALLLEDGERENTRIES.LIST>
<REMOVEZEROENTRIES>No</REMOVEZEROENTRIES>
<ISDEEMEDPOSITIVE>No</ISDEEMEDPOSITIVE>
<LEDGERFROMITEM>No</LEDGERFROMITEM>
<LEDGERNAME>IGST</LEDGERNAME>
<AMOUNT>243.0000000</AMOUNT>
</ALLLEDGERENTRIES.LIST>
<ALLLEDGERENTRIES.LIST>
<REMOVEZEROENTRIES>No</REMOVEZEROENTRIES>
<ISDEEMEDPOSITIVE>No</ISDEEMEDPOSITIVE>
<LEDGERFROMITEM>No</LEDGERFROMITEM>
<LEDGERNAME>Container Handling Services-Import-GST</LEDGERNAME>
<AMOUNT>1100.000</AMOUNT>
</ALLLEDGERENTRIES.LIST>
<ALLLEDGERENTRIES.LIST>
<REMOVEZEROENTRIES>No</REMOVEZEROENTRIES>
<ISDEEMEDPOSITIVE>No</ISDEEMEDPOSITIVE>
<LEDGERFROMITEM>No</LEDGERFROMITEM>
<LEDGERNAME>IGST</LEDGERNAME>
<AMOUNT>198.0000000</AMOUNT>
</ALLLEDGERENTRIES.LIST>
<ALLLEDGERENTRIES.LIST>
<REMOVEZEROENTRIES>No</REMOVEZEROENTRIES>
<ISDEEMEDPOSITIVE>No</ISDEEMEDPOSITIVE>
<LEDGERFROMITEM>No</LEDGERFROMITEM>
<LEDGERNAME>Container Handling Services-Import-GST</LEDGERNAME>
<AMOUNT>50.000</AMOUNT>
</ALLLEDGERENTRIES.LIST>
<ALLLEDGERENTRIES.LIST>
<REMOVEZEROENTRIES>No</REMOVEZEROENTRIES>
<ISDEEMEDPOSITIVE>No</ISDEEMEDPOSITIVE>
<LEDGERFROMITEM>No</LEDGERFROMITEM>
<LEDGERNAME>IGST</LEDGERNAME>
<AMOUNT>9.0000000</AMOUNT>
</ALLLEDGERENTRIES.LIST>
<ALLLEDGERENTRIES.LIST>
<REMOVEZEROENTRIES>No</REMOVEZEROENTRIES>
<ISDEEMEDPOSITIVE>No</ISDEEMEDPOSITIVE>
<LEDGERFROMITEM>No</LEDGERFROMITEM>
<LEDGERNAME>Container Handling Services-Import-GST</LEDGERNAME>
<AMOUNT>30.000</AMOUNT>
</ALLLEDGERENTRIES.LIST>
<ALLLEDGERENTRIES.LIST>
<REMOVEZEROENTRIES>No</REMOVEZEROENTRIES>
<ISDEEMEDPOSITIVE>No</ISDEEMEDPOSITIVE>
<LEDGERFROMITEM>No</LEDGERFROMITEM>
<LEDGERNAME>IGST</LEDGERNAME>
<AMOUNT>5.4000000</AMOUNT>
</ALLLEDGERENTRIES.LIST>
<ALLLEDGERENTRIES.LIST>
<REMOVEZEROENTRIES>No</REMOVEZEROENTRIES>
<ISDEEMEDPOSITIVE>No</ISDEEMEDPOSITIVE>
<LEDGERFROMITEM>No</LEDGERFROMITEM>
<LEDGERNAME>Container Handling Services-Import-GST</LEDGERNAME>
<AMOUNT>400.000</AMOUNT>
</ALLLEDGERENTRIES.LIST>
<ALLLEDGERENTRIES.LIST>
<REMOVEZEROENTRIES>No</REMOVEZEROENTRIES>
<ISDEEMEDPOSITIVE>No</ISDEEMEDPOSITIVE>
<LEDGERFROMITEM>No</LEDGERFROMITEM>
<LEDGERNAME>IGST</LEDGERNAME>
<AMOUNT>72.0000000</AMOUNT>
</ALLLEDGERENTRIES.LIST>
<ALLLEDGERENTRIES.LIST>
<REMOVEZEROENTRIES>No</REMOVEZEROENTRIES>
<ISDEEMEDPOSITIVE>No</ISDEEMEDPOSITIVE>
<LEDGERFROMITEM>No</LEDGERFROMITEM>
<LEDGERNAME>Container Handling Services-Import-GST</LEDGERNAME>
<AMOUNT>900.000</AMOUNT>
</ALLLEDGERENTRIES.LIST>
<ALLLEDGERENTRIES.LIST>
<REMOVEZEROENTRIES>No</REMOVEZEROENTRIES>
<ISDEEMEDPOSITIVE>No</ISDEEMEDPOSITIVE>
<LEDGERFROMITEM>No</LEDGERFROMITEM>
<LEDGERNAME>IGST</LEDGERNAME>
<AMOUNT>162.0000000</AMOUNT>
</ALLLEDGERENTRIES.LIST>
<ALLLEDGERENTRIES.LIST>
<REMOVEZEROENTRIES>No</REMOVEZEROENTRIES>
<ISDEEMEDPOSITIVE>No</ISDEEMEDPOSITIVE>
<LEDGERFROMITEM>No</LEDGERFROMITEM>
<LEDGERNAME>SHORT AND EXCESS</LEDGERNAME>
<AMOUNT>-0.100</AMOUNT>
</ALLLEDGERENTRIES.LIST>
</VOUCHER>
<VOUCHER>
<ISOPTIONAL>No</ISOPTIONAL>
<USEFORGAINLOSS>No</USEFORGAINLOSS>
<USEFORCOMPOUND>No</USEFORCOMPOUND>
<VOUCHERTYPENAME>Sales-Import-CFSM</VOUCHERTYPENAME>
<DATE>20180326</DATE>
<EFFECTIVEDATE>20180326</EFFECTIVEDATE>
<ISCANCELLED>No</ISCANCELLED>
<USETRACKINGNUMBER>No</USETRACKINGNUMBER>
<ISPOSTDATED>No</ISPOSTDATED>
<ISINVOICE>No</ISINVOICE>
<DIFFACTUALQTY>No</DIFFACTUALQTY>
<VOUCHERNUMBER>ALSH002518/17-18</VOUCHERNUMBER>
<PARTYLEDGERNAME>VERTICAL INTERIOR CONCEPTS INDIA PVT LTD</PARTYLEDGERNAME>
<NARRATION>Being amount debited towards IGM No: 2190495, BL NO: 8021N20216, Importer: VERTICAL INTERIOR CONCEPTS INDIA, VOY NO: 1, Vessel: APL CHARLESTON, LINER: MSC LINE OffDocTHC and containers:  1 X 40, Invoice No: ALSH002518/17-18</NARRATION>
<ALLLEDGERENTRIES.LIST>
<REMOVEZEROENTRIES>No</REMOVEZEROENTRIES>
<ISDEEMEDPOSITIVE>Yes</ISDEEMEDPOSITIVE>
<LEDGERFROMITEM>No</LEDGERFROMITEM>
<LEDGERNAME>VERTICAL INTERIOR CONCEPTS INDIA PVT LTD</LEDGERNAME>
<AMOUNT>-22137.000</AMOUNT>
<BILLALLOCATIONS.LIST>
<NAME>ALSH002518/17-18</NAME>
<BILLTYPE>New Ref</BILLTYPE>
<AMOUNT>-22137.000</AMOUNT>
</BILLALLOCATIONS.LIST>
</ALLLEDGERENTRIES.LIST>
<ALLLEDGERENTRIES.LIST>
<REMOVEZEROENTRIES>No</REMOVEZEROENTRIES>
<ISDEEMEDPOSITIVE>No</ISDEEMEDPOSITIVE>
<LEDGERFROMITEM>No</LEDGERFROMITEM>
<LEDGERNAME>Container Handling Services-Import-GST</LEDGERNAME>
<AMOUNT>11580.000</AMOUNT>
</ALLLEDGERENTRIES.LIST>
<ALLLEDGERENTRIES.LIST>
<REMOVEZEROENTRIES>No</REMOVEZEROENTRIES>
<ISDEEMEDPOSITIVE>No</ISDEEMEDPOSITIVE>
<LEDGERFROMITEM>No</LEDGERFROMITEM>
<LEDGERNAME>CGST</LEDGERNAME>
<AMOUNT>1042.2000000</AMOUNT>
</ALLLEDGERENTRIES.LIST>
<ALLLEDGERENTRIES.LIST>
<REMOVEZEROENTRIES>No</REMOVEZEROENTRIES>
<ISDEEMEDPOSITIVE>No</ISDEEMEDPOSITIVE>
<LEDGERFROMITEM>No</LEDGERFROMITEM>
<LEDGERNAME>SGST</LEDGERNAME>
<AMOUNT>1042.2000000</AMOUNT>
</ALLLEDGERENTRIES.LIST>
<ALLLEDGERENTRIES.LIST>
<REMOVEZEROENTRIES>No</REMOVEZEROENTRIES>
<ISDEEMEDPOSITIVE>No</ISDEEMEDPOSITIVE>
<LEDGERFROMITEM>No</LEDGERFROMITEM>
<LEDGERNAME>Other Storage and Warehousing Services-Import-GST</LEDGERNAME>
<AMOUNT>2700.000</AMOUNT>
</ALLLEDGERENTRIES.LIST>
<ALLLEDGERENTRIES.LIST>
<REMOVEZEROENTRIES>No</REMOVEZEROENTRIES>
<ISDEEMEDPOSITIVE>No</ISDEEMEDPOSITIVE>
<LEDGERFROMITEM>No</LEDGERFROMITEM>
<LEDGERNAME>CGST</LEDGERNAME>
<AMOUNT>243.0000000</AMOUNT>
</ALLLEDGERENTRIES.LIST>
<ALLLEDGERENTRIES.LIST>
<REMOVEZEROENTRIES>No</REMOVEZEROENTRIES>
<ISDEEMEDPOSITIVE>No</ISDEEMEDPOSITIVE>
<LEDGERFROMITEM>No</LEDGERFROMITEM>
<LEDGERNAME>SGST</LEDGERNAME>
<AMOUNT>243.0000000</AMOUNT>
</ALLLEDGERENTRIES.LIST>
<ALLLEDGERENTRIES.LIST>
<REMOVEZEROENTRIES>No</REMOVEZEROENTRIES>
<ISDEEMEDPOSITIVE>No</ISDEEMEDPOSITIVE>
<LEDGERFROMITEM>No</LEDGERFROMITEM>
<LEDGERNAME>Container Handling Services-Import-GST</LEDGERNAME>
<AMOUNT>2200.000</AMOUNT>
</ALLLEDGERENTRIES.LIST>
<ALLLEDGERENTRIES.LIST>
<REMOVEZEROENTRIES>No</REMOVEZEROENTRIES>
<ISDEEMEDPOSITIVE>No</ISDEEMEDPOSITIVE>
<LEDGERFROMITEM>No</LEDGERFROMITEM>
<LEDGERNAME>CGST</LEDGERNAME>
<AMOUNT>198.0000000</AMOUNT>
</ALLLEDGERENTRIES.LIST>
<ALLLEDGERENTRIES.LIST>
<REMOVEZEROENTRIES>No</REMOVEZEROENTRIES>
<ISDEEMEDPOSITIVE>No</ISDEEMEDPOSITIVE>
<LEDGERFROMITEM>No</LEDGERFROMITEM>
<LEDGERNAME>SGST</LEDGERNAME>
<AMOUNT>198.0000000</AMOUNT>
</ALLLEDGERENTRIES.LIST>
<ALLLEDGERENTRIES.LIST>
<REMOVEZEROENTRIES>No</REMOVEZEROENTRIES>
<ISDEEMEDPOSITIVE>No</ISDEEMEDPOSITIVE>
<LEDGERFROMITEM>No</LEDGERFROMITEM>
<LEDGERNAME>Container Handling Services-Import-GST</LEDGERNAME>
<AMOUNT>50.000</AMOUNT>
</ALLLEDGERENTRIES.LIST>
<ALLLEDGERENTRIES.LIST>
<REMOVEZEROENTRIES>No</REMOVEZEROENTRIES>
<ISDEEMEDPOSITIVE>No</ISDEEMEDPOSITIVE>
<LEDGERFROMITEM>No</LEDGERFROMITEM>
<LEDGERNAME>CGST</LEDGERNAME>
<AMOUNT>4.5000000</AMOUNT>
</ALLLEDGERENTRIES.LIST>
<ALLLEDGERENTRIES.LIST>
<REMOVEZEROENTRIES>No</REMOVEZEROENTRIES>
<ISDEEMEDPOSITIVE>No</ISDEEMEDPOSITIVE>
<LEDGERFROMITEM>No</LEDGERFROMITEM>
<LEDGERNAME>SGST</LEDGERNAME>
<AMOUNT>4.5000000</AMOUNT>
</ALLLEDGERENTRIES.LIST>
<ALLLEDGERENTRIES.LIST>
<REMOVEZEROENTRIES>No</REMOVEZEROENTRIES>
<ISDEEMEDPOSITIVE>No</ISDEEMEDPOSITIVE>
<LEDGERFROMITEM>No</LEDGERFROMITEM>
<LEDGERNAME>Container Handling Services-Import-GST</LEDGERNAME>
<AMOUNT>30.000</AMOUNT>
</ALLLEDGERENTRIES.LIST>
<ALLLEDGERENTRIES.LIST>
<REMOVEZEROENTRIES>No</REMOVEZEROENTRIES>
<ISDEEMEDPOSITIVE>No</ISDEEMEDPOSITIVE>
<LEDGERFROMITEM>No</LEDGERFROMITEM>
<LEDGERNAME>CGST</LEDGERNAME>
<AMOUNT>2.7000000</AMOUNT>
</ALLLEDGERENTRIES.LIST>
<ALLLEDGERENTRIES.LIST>
<REMOVEZEROENTRIES>No</REMOVEZEROENTRIES>
<ISDEEMEDPOSITIVE>No</ISDEEMEDPOSITIVE>
<LEDGERFROMITEM>No</LEDGERFROMITEM>
<LEDGERNAME>SGST</LEDGERNAME>
<AMOUNT>2.7000000</AMOUNT>
</ALLLEDGERENTRIES.LIST>
<ALLLEDGERENTRIES.LIST>
<REMOVEZEROENTRIES>No</REMOVEZEROENTRIES>
<ISDEEMEDPOSITIVE>No</ISDEEMEDPOSITIVE>
<LEDGERFROMITEM>No</LEDGERFROMITEM>
<LEDGERNAME>Container Handling Services-Import-GST</LEDGERNAME>
<AMOUNT>400.000</AMOUNT>
</ALLLEDGERENTRIES.LIST>
<ALLLEDGERENTRIES.LIST>
<REMOVEZEROENTRIES>No</REMOVEZEROENTRIES>
<ISDEEMEDPOSITIVE>No</ISDEEMEDPOSITIVE>
<LEDGERFROMITEM>No</LEDGERFROMITEM>
<LEDGERNAME>CGST</LEDGERNAME>
<AMOUNT>36.0000000</AMOUNT>
</ALLLEDGERENTRIES.LIST>
<ALLLEDGERENTRIES.LIST>
<REMOVEZEROENTRIES>No</REMOVEZEROENTRIES>
<ISDEEMEDPOSITIVE>No</ISDEEMEDPOSITIVE>
<LEDGERFROMITEM>No</LEDGERFROMITEM>
<LEDGERNAME>SGST</LEDGERNAME>
<AMOUNT>36.0000000</AMOUNT>
</ALLLEDGERENTRIES.LIST>
<ALLLEDGERENTRIES.LIST>
<REMOVEZEROENTRIES>No</REMOVEZEROENTRIES>
<ISDEEMEDPOSITIVE>No</ISDEEMEDPOSITIVE>
<LEDGERFROMITEM>No</LEDGERFROMITEM>
<LEDGERNAME>Container Handling Services-Import-GST</LEDGERNAME>
<AMOUNT>1800.000</AMOUNT>
</ALLLEDGERENTRIES.LIST>
<ALLLEDGERENTRIES.LIST>
<REMOVEZEROENTRIES>No</REMOVEZEROENTRIES>
<ISDEEMEDPOSITIVE>No</ISDEEMEDPOSITIVE>
<LEDGERFROMITEM>No</LEDGERFROMITEM>
<LEDGERNAME>CGST</LEDGERNAME>
<AMOUNT>162.0000000</AMOUNT>
</ALLLEDGERENTRIES.LIST>
<ALLLEDGERENTRIES.LIST>
<REMOVEZEROENTRIES>No</REMOVEZEROENTRIES>
<ISDEEMEDPOSITIVE>No</ISDEEMEDPOSITIVE>
<LEDGERFROMITEM>No</LEDGERFROMITEM>
<LEDGERNAME>SGST</LEDGERNAME>
<AMOUNT>162.0000000</AMOUNT>
</ALLLEDGERENTRIES.LIST>
<ALLLEDGERENTRIES.LIST>
<REMOVEZEROENTRIES>No</REMOVEZEROENTRIES>
<ISDEEMEDPOSITIVE>No</ISDEEMEDPOSITIVE>
<LEDGERFROMITEM>No</LEDGERFROMITEM>
<LEDGERNAME>SHORT AND EXCESS</LEDGERNAME>
<AMOUNT>0.200</AMOUNT>
</ALLLEDGERENTRIES.LIST>
</VOUCHER>
<VOUCHER>
<ISOPTIONAL>No</ISOPTIONAL>
<USEFORGAINLOSS>No</USEFORGAINLOSS>
<USEFORCOMPOUND>No</USEFORCOMPOUND>
<VOUCHERTYPENAME>Sales-Import-CFSM</VOUCHERTYPENAME>
<DATE>20180326</DATE>
<EFFECTIVEDATE>20180326</EFFECTIVEDATE>
<ISCANCELLED>No</ISCANCELLED>
<USETRACKINGNUMBER>No</USETRACKINGNUMBER>
<ISPOSTDATED>No</ISPOSTDATED>
<ISINVOICE>No</ISINVOICE>
<DIFFACTUALQTY>No</DIFFACTUALQTY>
<VOUCHERNUMBER>ALSH002519/17-18</VOUCHERNUMBER>
<PARTYLEDGERNAME>HIGH VIEW TRADING</PARTYLEDGERNAME>
<NARRATION>Being amount debited towards IGM No: 2190189, BL NO: E217181, Importer: HIGH VIEW TRADING, VOY NO: ITR811R, Vessel: MSC DYMPHNA, LINER: MSC LINE OffDocTHC and containers:  1 X 20, Invoice No: ALSH002519/17-18</NARRATION>
<ALLLEDGERENTRIES.LIST>
<REMOVEZEROENTRIES>No</REMOVEZEROENTRIES>
<ISDEEMEDPOSITIVE>Yes</ISDEEMEDPOSITIVE>
<LEDGERFROMITEM>No</LEDGERFROMITEM>
<LEDGERNAME>HIGH VIEW TRADING</LEDGERNAME>
<AMOUNT>-15039.000</AMOUNT>
<BILLALLOCATIONS.LIST>
<NAME>ALSH002519/17-18</NAME>
<BILLTYPE>New Ref</BILLTYPE>
<AMOUNT>-15039.000</AMOUNT>
</BILLALLOCATIONS.LIST>
</ALLLEDGERENTRIES.LIST>
<ALLLEDGERENTRIES.LIST>
<REMOVEZEROENTRIES>No</REMOVEZEROENTRIES>
<ISDEEMEDPOSITIVE>No</ISDEEMEDPOSITIVE>
<LEDGERFROMITEM>No</LEDGERFROMITEM>
<LEDGERNAME>Container Handling Services-Import-GST</LEDGERNAME>
<AMOUNT>7365.000</AMOUNT>
</ALLLEDGERENTRIES.LIST>
<ALLLEDGERENTRIES.LIST>
<REMOVEZEROENTRIES>No</REMOVEZEROENTRIES>
<ISDEEMEDPOSITIVE>No</ISDEEMEDPOSITIVE>
<LEDGERFROMITEM>No</LEDGERFROMITEM>
<LEDGERNAME>IGST</LEDGERNAME>
<AMOUNT>1325.7000000</AMOUNT>
</ALLLEDGERENTRIES.LIST>
<ALLLEDGERENTRIES.LIST>
<REMOVEZEROENTRIES>No</REMOVEZEROENTRIES>
<ISDEEMEDPOSITIVE>No</ISDEEMEDPOSITIVE>
<LEDGERFROMITEM>No</LEDGERFROMITEM>
<LEDGERNAME>Other Storage and Warehousing Services-Import-GST</LEDGERNAME>
<AMOUNT>1900.000</AMOUNT>
</ALLLEDGERENTRIES.LIST>
<ALLLEDGERENTRIES.LIST>
<REMOVEZEROENTRIES>No</REMOVEZEROENTRIES>
<ISDEEMEDPOSITIVE>No</ISDEEMEDPOSITIVE>
<LEDGERFROMITEM>No</LEDGERFROMITEM>
<LEDGERNAME>IGST</LEDGERNAME>
<AMOUNT>342.0000000</AMOUNT>
</ALLLEDGERENTRIES.LIST>
<ALLLEDGERENTRIES.LIST>
<REMOVEZEROENTRIES>No</REMOVEZEROENTRIES>
<ISDEEMEDPOSITIVE>No</ISDEEMEDPOSITIVE>
<LEDGERFROMITEM>No</LEDGERFROMITEM>
<LEDGERNAME>Container Handling Services-Import-GST</LEDGERNAME>
<AMOUNT>1100.000</AMOUNT>
</ALLLEDGERENTRIES.LIST>
<ALLLEDGERENTRIES.LIST>
<REMOVEZEROENTRIES>No</REMOVEZEROENTRIES>
<ISDEEMEDPOSITIVE>No</ISDEEMEDPOSITIVE>
<LEDGERFROMITEM>No</LEDGERFROMITEM>
<LEDGERNAME>IGST</LEDGERNAME>
<AMOUNT>198.0000000</AMOUNT>
</ALLLEDGERENTRIES.LIST>
<ALLLEDGERENTRIES.LIST>
<REMOVEZEROENTRIES>No</REMOVEZEROENTRIES>
<ISDEEMEDPOSITIVE>No</ISDEEMEDPOSITIVE>
<LEDGERFROMITEM>No</LEDGERFROMITEM>
<LEDGERNAME>Container Handling Services-Import-GST</LEDGERNAME>
<AMOUNT>50.000</AMOUNT>
</ALLLEDGERENTRIES.LIST>
<ALLLEDGERENTRIES.LIST>
<REMOVEZEROENTRIES>No</REMOVEZEROENTRIES>
<ISDEEMEDPOSITIVE>No</ISDEEMEDPOSITIVE>
<LEDGERFROMITEM>No</LEDGERFROMITEM>
<LEDGERNAME>IGST</LEDGERNAME>
<AMOUNT>9.0000000</AMOUNT>
</ALLLEDGERENTRIES.LIST>
<ALLLEDGERENTRIES.LIST>
<REMOVEZEROENTRIES>No</REMOVEZEROENTRIES>
<ISDEEMEDPOSITIVE>No</ISDEEMEDPOSITIVE>
<LEDGERFROMITEM>No</LEDGERFROMITEM>
<LEDGERNAME>Container Handling Services-Import-GST</LEDGERNAME>
<AMOUNT>1000.000</AMOUNT>
</ALLLEDGERENTRIES.LIST>
<ALLLEDGERENTRIES.LIST>
<REMOVEZEROENTRIES>No</REMOVEZEROENTRIES>
<ISDEEMEDPOSITIVE>No</ISDEEMEDPOSITIVE>
<LEDGERFROMITEM>No</LEDGERFROMITEM>
<LEDGERNAME>IGST</LEDGERNAME>
<AMOUNT>180.0000000</AMOUNT>
</ALLLEDGERENTRIES.LIST>
<ALLLEDGERENTRIES.LIST>
<REMOVEZEROENTRIES>No</REMOVEZEROENTRIES>
<ISDEEMEDPOSITIVE>No</ISDEEMEDPOSITIVE>
<LEDGERFROMITEM>No</LEDGERFROMITEM>
<LEDGERNAME>Container Handling Services-Import-GST</LEDGERNAME>
<AMOUNT>30.000</AMOUNT>
</ALLLEDGERENTRIES.LIST>
<ALLLEDGERENTRIES.LIST>
<REMOVEZEROENTRIES>No</REMOVEZEROENTRIES>
<ISDEEMEDPOSITIVE>No</ISDEEMEDPOSITIVE>
<LEDGERFROMITEM>No</LEDGERFROMITEM>
<LEDGERNAME>IGST</LEDGERNAME>
<AMOUNT>5.4000000</AMOUNT>
</ALLLEDGERENTRIES.LIST>
<ALLLEDGERENTRIES.LIST>
<REMOVEZEROENTRIES>No</REMOVEZEROENTRIES>
<ISDEEMEDPOSITIVE>No</ISDEEMEDPOSITIVE>
<LEDGERFROMITEM>No</LEDGERFROMITEM>
<LEDGERNAME>Container Handling Services-Import-GST</LEDGERNAME>
<AMOUNT>400.000</AMOUNT>
</ALLLEDGERENTRIES.LIST>
<ALLLEDGERENTRIES.LIST>
<REMOVEZEROENTRIES>No</REMOVEZEROENTRIES>
<ISDEEMEDPOSITIVE>No</ISDEEMEDPOSITIVE>
<LEDGERFROMITEM>No</LEDGERFROMITEM>
<LEDGERNAME>IGST</LEDGERNAME>
<AMOUNT>72.0000000</AMOUNT>
</ALLLEDGERENTRIES.LIST>
<ALLLEDGERENTRIES.LIST>
<REMOVEZEROENTRIES>No</REMOVEZEROENTRIES>
<ISDEEMEDPOSITIVE>No</ISDEEMEDPOSITIVE>
<LEDGERFROMITEM>No</LEDGERFROMITEM>
<LEDGERNAME>Container Handling Services-Import-GST</LEDGERNAME>
<AMOUNT>900.000</AMOUNT>
</ALLLEDGERENTRIES.LIST>
<ALLLEDGERENTRIES.LIST>
<REMOVEZEROENTRIES>No</REMOVEZEROENTRIES>
<ISDEEMEDPOSITIVE>No</ISDEEMEDPOSITIVE>
<LEDGERFROMITEM>No</LEDGERFROMITEM>
<LEDGERNAME>IGST</LEDGERNAME>
<AMOUNT>162.0000000</AMOUNT>
</ALLLEDGERENTRIES.LIST>
<ALLLEDGERENTRIES.LIST>
<REMOVEZEROENTRIES>No</REMOVEZEROENTRIES>
<ISDEEMEDPOSITIVE>No</ISDEEMEDPOSITIVE>
<LEDGERFROMITEM>No</LEDGERFROMITEM>
<LEDGERNAME>SHORT AND EXCESS</LEDGERNAME>
<AMOUNT>-0.100</AMOUNT>
</ALLLEDGERENTRIES.LIST>
</VOUCHER>
<VOUCHER>
<ISOPTIONAL>No</ISOPTIONAL>
<USEFORGAINLOSS>No</USEFORGAINLOSS>
<USEFORCOMPOUND>No</USEFORCOMPOUND>
<VOUCHERTYPENAME>Sales-Import-CFSM</VOUCHERTYPENAME>
<DATE>20180326</DATE>
<EFFECTIVEDATE>20180326</EFFECTIVEDATE>
<ISCANCELLED>No</ISCANCELLED>
<USETRACKINGNUMBER>No</USETRACKINGNUMBER>
<ISPOSTDATED>No</ISPOSTDATED>
<ISINVOICE>No</ISINVOICE>
<DIFFACTUALQTY>No</DIFFACTUALQTY>
<VOUCHERNUMBER>ALSI016119/17-18</VOUCHERNUMBER>
<PARTYLEDGERNAME>JAI INTERNATIONAL</PARTYLEDGERNAME>
<NARRATION>Being amount debited towards IGM No: 2183945, BL NO: OOLU2597849460, Importer: JAI INTERNATIONAL, VOY NO: 123, Vessel: MAERSK SAVANNAH, LINER: OOCLOFFDOCTHC-OOCL Line and containers:  1 X 40, Invoice No: ALSI016119/17-18</NARRATION>
<ALLLEDGERENTRIES.LIST>
<REMOVEZEROENTRIES>No</REMOVEZEROENTRIES>
<ISDEEMEDPOSITIVE>Yes</ISDEEMEDPOSITIVE>
<LEDGERFROMITEM>No</LEDGERFROMITEM>
<LEDGERNAME>JAI INTERNATIONAL</LEDGERNAME>
<AMOUNT>-268521.000</AMOUNT>
<BILLALLOCATIONS.LIST>
<NAME>ALSI016119/17-18</NAME>
<BILLTYPE>New Ref</BILLTYPE>
<AMOUNT>-268521.000</AMOUNT>
</BILLALLOCATIONS.LIST>
</ALLLEDGERENTRIES.LIST>
<ALLLEDGERENTRIES.LIST>
<REMOVEZEROENTRIES>No</REMOVEZEROENTRIES>
<ISDEEMEDPOSITIVE>No</ISDEEMEDPOSITIVE>
<LEDGERFROMITEM>No</LEDGERFROMITEM>
<LEDGERNAME>Container Handling Services-Import-GST</LEDGERNAME>
<AMOUNT>10980.000</AMOUNT>
</ALLLEDGERENTRIES.LIST>
<ALLLEDGERENTRIES.LIST>
<REMOVEZEROENTRIES>No</REMOVEZEROENTRIES>
<ISDEEMEDPOSITIVE>No</ISDEEMEDPOSITIVE>
<LEDGERFROMITEM>No</LEDGERFROMITEM>
<LEDGERNAME>CGST</LEDGERNAME>
<AMOUNT>988.2000000</AMOUNT>
</ALLLEDGERENTRIES.LIST>
<ALLLEDGERENTRIES.LIST>
<REMOVEZEROENTRIES>No</REMOVEZEROENTRIES>
<ISDEEMEDPOSITIVE>No</ISDEEMEDPOSITIVE>
<LEDGERFROMITEM>No</LEDGERFROMITEM>
<LEDGERNAME>SGST</LEDGERNAME>
<AMOUNT>988.2000000</AMOUNT>
</ALLLEDGERENTRIES.LIST>
<ALLLEDGERENTRIES.LIST>
<REMOVEZEROENTRIES>No</REMOVEZEROENTRIES>
<ISDEEMEDPOSITIVE>No</ISDEEMEDPOSITIVE>
<LEDGERFROMITEM>No</LEDGERFROMITEM>
<LEDGERNAME>Container Handling Services-Import-GST</LEDGERNAME>
<AMOUNT>2000.000</AMOUNT>
</ALLLEDGERENTRIES.LIST>
<ALLLEDGERENTRIES.LIST>
<REMOVEZEROENTRIES>No</REMOVEZEROENTRIES>
<ISDEEMEDPOSITIVE>No</ISDEEMEDPOSITIVE>
<LEDGERFROMITEM>No</LEDGERFROMITEM>
<LEDGERNAME>CGST</LEDGERNAME>
<AMOUNT>180.0000000</AMOUNT>
</ALLLEDGERENTRIES.LIST>
<ALLLEDGERENTRIES.LIST>
<REMOVEZEROENTRIES>No</REMOVEZEROENTRIES>
<ISDEEMEDPOSITIVE>No</ISDEEMEDPOSITIVE>
<LEDGERFROMITEM>No</LEDGERFROMITEM>
<LEDGERNAME>SGST</LEDGERNAME>
<AMOUNT>180.0000000</AMOUNT>
</ALLLEDGERENTRIES.LIST>
<ALLLEDGERENTRIES.LIST>
<REMOVEZEROENTRIES>No</REMOVEZEROENTRIES>
<ISDEEMEDPOSITIVE>No</ISDEEMEDPOSITIVE>
<LEDGERFROMITEM>No</LEDGERFROMITEM>
<LEDGERNAME>Other Storage and Warehousing Services-Import-GST</LEDGERNAME>
<AMOUNT>200100.000</AMOUNT>
</ALLLEDGERENTRIES.LIST>
<ALLLEDGERENTRIES.LIST>
<REMOVEZEROENTRIES>No</REMOVEZEROENTRIES>
<ISDEEMEDPOSITIVE>No</ISDEEMEDPOSITIVE>
<LEDGERFROMITEM>No</LEDGERFROMITEM>
<LEDGERNAME>CGST</LEDGERNAME>
<AMOUNT>18009.0000000</AMOUNT>
</ALLLEDGERENTRIES.LIST>
<ALLLEDGERENTRIES.LIST>
<REMOVEZEROENTRIES>No</REMOVEZEROENTRIES>
<ISDEEMEDPOSITIVE>No</ISDEEMEDPOSITIVE>
<LEDGERFROMITEM>No</LEDGERFROMITEM>
<LEDGERNAME>SGST</LEDGERNAME>
<AMOUNT>18009.0000000</AMOUNT>
</ALLLEDGERENTRIES.LIST>
<ALLLEDGERENTRIES.LIST>
<REMOVEZEROENTRIES>No</REMOVEZEROENTRIES>
<ISDEEMEDPOSITIVE>No</ISDEEMEDPOSITIVE>
<LEDGERFROMITEM>No</LEDGERFROMITEM>
<LEDGERNAME>Container Handling Services-Import-GST</LEDGERNAME>
<AMOUNT>2200.000</AMOUNT>
</ALLLEDGERENTRIES.LIST>
<ALLLEDGERENTRIES.LIST>
<REMOVEZEROENTRIES>No</REMOVEZEROENTRIES>
<ISDEEMEDPOSITIVE>No</ISDEEMEDPOSITIVE>
<LEDGERFROMITEM>No</LEDGERFROMITEM>
<LEDGERNAME>CGST</LEDGERNAME>
<AMOUNT>198.0000000</AMOUNT>
</ALLLEDGERENTRIES.LIST>
<ALLLEDGERENTRIES.LIST>
<REMOVEZEROENTRIES>No</REMOVEZEROENTRIES>
<ISDEEMEDPOSITIVE>No</ISDEEMEDPOSITIVE>
<LEDGERFROMITEM>No</LEDGERFROMITEM>
<LEDGERNAME>SGST</LEDGERNAME>
<AMOUNT>198.0000000</AMOUNT>
</ALLLEDGERENTRIES.LIST>
<ALLLEDGERENTRIES.LIST>
<REMOVEZEROENTRIES>No</REMOVEZEROENTRIES>
<ISDEEMEDPOSITIVE>No</ISDEEMEDPOSITIVE>
<LEDGERFROMITEM>No</LEDGERFROMITEM>
<LEDGERNAME>Container Handling Services-Import-GST</LEDGERNAME>
<AMOUNT>10000.000</AMOUNT>
</ALLLEDGERENTRIES.LIST>
<ALLLEDGERENTRIES.LIST>
<REMOVEZEROENTRIES>No</REMOVEZEROENTRIES>
<ISDEEMEDPOSITIVE>No</ISDEEMEDPOSITIVE>
<LEDGERFROMITEM>No</LEDGERFROMITEM>
<LEDGERNAME>CGST</LEDGERNAME>
<AMOUNT>900.0000000</AMOUNT>
</ALLLEDGERENTRIES.LIST>
<ALLLEDGERENTRIES.LIST>
<REMOVEZEROENTRIES>No</REMOVEZEROENTRIES>
<ISDEEMEDPOSITIVE>No</ISDEEMEDPOSITIVE>
<LEDGERFROMITEM>No</LEDGERFROMITEM>
<LEDGERNAME>SGST</LEDGERNAME>
<AMOUNT>900.0000000</AMOUNT>
</ALLLEDGERENTRIES.LIST>
<ALLLEDGERENTRIES.LIST>
<REMOVEZEROENTRIES>No</REMOVEZEROENTRIES>
<ISDEEMEDPOSITIVE>No</ISDEEMEDPOSITIVE>
<LEDGERFROMITEM>No</LEDGERFROMITEM>
<LEDGERNAME>Container Handling Services-Import-GST</LEDGERNAME>
<AMOUNT>50.000</AMOUNT>
</ALLLEDGERENTRIES.LIST>
<ALLLEDGERENTRIES.LIST>
<REMOVEZEROENTRIES>No</REMOVEZEROENTRIES>
<ISDEEMEDPOSITIVE>No</ISDEEMEDPOSITIVE>
<LEDGERFROMITEM>No</LEDGERFROMITEM>
<LEDGERNAME>CGST</LEDGERNAME>
<AMOUNT>4.5000000</AMOUNT>
</ALLLEDGERENTRIES.LIST>
<ALLLEDGERENTRIES.LIST>
<REMOVEZEROENTRIES>No</REMOVEZEROENTRIES>
<ISDEEMEDPOSITIVE>No</ISDEEMEDPOSITIVE>
<LEDGERFROMITEM>No</LEDGERFROMITEM>
<LEDGERNAME>SGST</LEDGERNAME>
<AMOUNT>4.5000000</AMOUNT>
</ALLLEDGERENTRIES.LIST>
<ALLLEDGERENTRIES.LIST>
<REMOVEZEROENTRIES>No</REMOVEZEROENTRIES>
<ISDEEMEDPOSITIVE>No</ISDEEMEDPOSITIVE>
<LEDGERFROMITEM>No</LEDGERFROMITEM>
<LEDGERNAME>Container Handling Services-Import-GST</LEDGERNAME>
<AMOUNT>30.000</AMOUNT>
</ALLLEDGERENTRIES.LIST>
<ALLLEDGERENTRIES.LIST>
<REMOVEZEROENTRIES>No</REMOVEZEROENTRIES>
<ISDEEMEDPOSITIVE>No</ISDEEMEDPOSITIVE>
<LEDGERFROMITEM>No</LEDGERFROMITEM>
<LEDGERNAME>CGST</LEDGERNAME>
<AMOUNT>2.7000000</AMOUNT>
</ALLLEDGERENTRIES.LIST>
<ALLLEDGERENTRIES.LIST>
<REMOVEZEROENTRIES>No</REMOVEZEROENTRIES>
<ISDEEMEDPOSITIVE>No</ISDEEMEDPOSITIVE>
<LEDGERFROMITEM>No</LEDGERFROMITEM>
<LEDGERNAME>SGST</LEDGERNAME>
<AMOUNT>2.7000000</AMOUNT>
</ALLLEDGERENTRIES.LIST>
<ALLLEDGERENTRIES.LIST>
<REMOVEZEROENTRIES>No</REMOVEZEROENTRIES>
<ISDEEMEDPOSITIVE>No</ISDEEMEDPOSITIVE>
<LEDGERFROMITEM>No</LEDGERFROMITEM>
<LEDGERNAME>Container Handling Services-Import-GST</LEDGERNAME>
<AMOUNT>400.000</AMOUNT>
</ALLLEDGERENTRIES.LIST>
<ALLLEDGERENTRIES.LIST>
<REMOVEZEROENTRIES>No</REMOVEZEROENTRIES>
<ISDEEMEDPOSITIVE>No</ISDEEMEDPOSITIVE>
<LEDGERFROMITEM>No</LEDGERFROMITEM>
<LEDGERNAME>CGST</LEDGERNAME>
<AMOUNT>36.0000000</AMOUNT>
</ALLLEDGERENTRIES.LIST>
<ALLLEDGERENTRIES.LIST>
<REMOVEZEROENTRIES>No</REMOVEZEROENTRIES>
<ISDEEMEDPOSITIVE>No</ISDEEMEDPOSITIVE>
<LEDGERFROMITEM>No</LEDGERFROMITEM>
<LEDGERNAME>SGST</LEDGERNAME>
<AMOUNT>36.0000000</AMOUNT>
</ALLLEDGERENTRIES.LIST>
<ALLLEDGERENTRIES.LIST>
<REMOVEZEROENTRIES>No</REMOVEZEROENTRIES>
<ISDEEMEDPOSITIVE>No</ISDEEMEDPOSITIVE>
<LEDGERFROMITEM>No</LEDGERFROMITEM>
<LEDGERNAME>Container Handling Services-Import-GST</LEDGERNAME>
<AMOUNT>1800.000</AMOUNT>
</ALLLEDGERENTRIES.LIST>
<ALLLEDGERENTRIES.LIST>
<REMOVEZEROENTRIES>No</REMOVEZEROENTRIES>
<ISDEEMEDPOSITIVE>No</ISDEEMEDPOSITIVE>
<LEDGERFROMITEM>No</LEDGERFROMITEM>
<LEDGERNAME>CGST</LEDGERNAME>
<AMOUNT>162.0000000</AMOUNT>
</ALLLEDGERENTRIES.LIST>
<ALLLEDGERENTRIES.LIST>
<REMOVEZEROENTRIES>No</REMOVEZEROENTRIES>
<ISDEEMEDPOSITIVE>No</ISDEEMEDPOSITIVE>
<LEDGERFROMITEM>No</LEDGERFROMITEM>
<LEDGERNAME>SGST</LEDGERNAME>
<AMOUNT>162.0000000</AMOUNT>
</ALLLEDGERENTRIES.LIST>
<ALLLEDGERENTRIES.LIST>
<REMOVEZEROENTRIES>No</REMOVEZEROENTRIES>
<ISDEEMEDPOSITIVE>No</ISDEEMEDPOSITIVE>
<LEDGERFROMITEM>No</LEDGERFROMITEM>
<LEDGERNAME>SHORT AND EXCESS</LEDGERNAME>
<AMOUNT>0.200</AMOUNT>
</ALLLEDGERENTRIES.LIST>
</VOUCHER>
<VOUCHER>
<ISOPTIONAL>No</ISOPTIONAL>
<USEFORGAINLOSS>No</USEFORGAINLOSS>
<USEFORCOMPOUND>No</USEFORCOMPOUND>
<VOUCHERTYPENAME>Sales-Import-CFSM</VOUCHERTYPENAME>
<DATE>20180326</DATE>
<EFFECTIVEDATE>20180326</EFFECTIVEDATE>
<ISCANCELLED>No</ISCANCELLED>
<USETRACKINGNUMBER>No</USETRACKINGNUMBER>
<ISPOSTDATED>No</ISPOSTDATED>
<ISINVOICE>No</ISINVOICE>
<DIFFACTUALQTY>No</DIFFACTUALQTY>
<VOUCHERNUMBER>ALSH002520/17-18</VOUCHERNUMBER>
<PARTYLEDGERNAME>SWATI INTERNATIONAL</PARTYLEDGERNAME>
<NARRATION>Being amount debited towards IGM No: 2190495, BL NO: MSCUVW575269, Importer: SWATI INTERNATIONAL, VOY NO: 1, Vessel: APL CHARLESTON, LINER: MSC LINE OffDocTHC and containers:  1 X 40, Invoice No: ALSH002520/17-18</NARRATION>
<ALLLEDGERENTRIES.LIST>
<REMOVEZEROENTRIES>No</REMOVEZEROENTRIES>
<ISDEEMEDPOSITIVE>Yes</ISDEEMEDPOSITIVE>
<LEDGERFROMITEM>No</LEDGERFROMITEM>
<LEDGERNAME>SWATI INTERNATIONAL</LEDGERNAME>
<AMOUNT>-27447.000</AMOUNT>
<BILLALLOCATIONS.LIST>
<NAME>ALSH002520/17-18</NAME>
<BILLTYPE>New Ref</BILLTYPE>
<AMOUNT>-27447.000</AMOUNT>
</BILLALLOCATIONS.LIST>
</ALLLEDGERENTRIES.LIST>
<ALLLEDGERENTRIES.LIST>
<REMOVEZEROENTRIES>No</REMOVEZEROENTRIES>
<ISDEEMEDPOSITIVE>No</ISDEEMEDPOSITIVE>
<LEDGERFROMITEM>No</LEDGERFROMITEM>
<LEDGERNAME>Container Handling Services-Import-GST</LEDGERNAME>
<AMOUNT>16980.000</AMOUNT>
</ALLLEDGERENTRIES.LIST>
<ALLLEDGERENTRIES.LIST>
<REMOVEZEROENTRIES>No</REMOVEZEROENTRIES>
<ISDEEMEDPOSITIVE>No</ISDEEMEDPOSITIVE>
<LEDGERFROMITEM>No</LEDGERFROMITEM>
<LEDGERNAME>CGST</LEDGERNAME>
<AMOUNT>1528.2000000</AMOUNT>
</ALLLEDGERENTRIES.LIST>
<ALLLEDGERENTRIES.LIST>
<REMOVEZEROENTRIES>No</REMOVEZEROENTRIES>
<ISDEEMEDPOSITIVE>No</ISDEEMEDPOSITIVE>
<LEDGERFROMITEM>No</LEDGERFROMITEM>
<LEDGERNAME>SGST</LEDGERNAME>
<AMOUNT>1528.2000000</AMOUNT>
</ALLLEDGERENTRIES.LIST>
<ALLLEDGERENTRIES.LIST>
<REMOVEZEROENTRIES>No</REMOVEZEROENTRIES>
<ISDEEMEDPOSITIVE>No</ISDEEMEDPOSITIVE>
<LEDGERFROMITEM>No</LEDGERFROMITEM>
<LEDGERNAME>Other Storage and Warehousing Services-Import-GST</LEDGERNAME>
<AMOUNT>1800.000</AMOUNT>
</ALLLEDGERENTRIES.LIST>
<ALLLEDGERENTRIES.LIST>
<REMOVEZEROENTRIES>No</REMOVEZEROENTRIES>
<ISDEEMEDPOSITIVE>No</ISDEEMEDPOSITIVE>
<LEDGERFROMITEM>No</LEDGERFROMITEM>
<LEDGERNAME>CGST</LEDGERNAME>
<AMOUNT>162.0000000</AMOUNT>
</ALLLEDGERENTRIES.LIST>
<ALLLEDGERENTRIES.LIST>
<REMOVEZEROENTRIES>No</REMOVEZEROENTRIES>
<ISDEEMEDPOSITIVE>No</ISDEEMEDPOSITIVE>
<LEDGERFROMITEM>No</LEDGERFROMITEM>
<LEDGERNAME>SGST</LEDGERNAME>
<AMOUNT>162.0000000</AMOUNT>
</ALLLEDGERENTRIES.LIST>
<ALLLEDGERENTRIES.LIST>
<REMOVEZEROENTRIES>No</REMOVEZEROENTRIES>
<ISDEEMEDPOSITIVE>No</ISDEEMEDPOSITIVE>
<LEDGERFROMITEM>No</LEDGERFROMITEM>
<LEDGERNAME>Container Handling Services-Import-GST</LEDGERNAME>
<AMOUNT>2200.000</AMOUNT>
</ALLLEDGERENTRIES.LIST>
<ALLLEDGERENTRIES.LIST>
<REMOVEZEROENTRIES>No</REMOVEZEROENTRIES>
<ISDEEMEDPOSITIVE>No</ISDEEMEDPOSITIVE>
<LEDGERFROMITEM>No</LEDGERFROMITEM>
<LEDGERNAME>CGST</LEDGERNAME>
<AMOUNT>198.0000000</AMOUNT>
</ALLLEDGERENTRIES.LIST>
<ALLLEDGERENTRIES.LIST>
<REMOVEZEROENTRIES>No</REMOVEZEROENTRIES>
<ISDEEMEDPOSITIVE>No</ISDEEMEDPOSITIVE>
<LEDGERFROMITEM>No</LEDGERFROMITEM>
<LEDGERNAME>SGST</LEDGERNAME>
<AMOUNT>198.0000000</AMOUNT>
</ALLLEDGERENTRIES.LIST>
<ALLLEDGERENTRIES.LIST>
<REMOVEZEROENTRIES>No</REMOVEZEROENTRIES>
<ISDEEMEDPOSITIVE>No</ISDEEMEDPOSITIVE>
<LEDGERFROMITEM>No</LEDGERFROMITEM>
<LEDGERNAME>Container Handling Services-Import-GST</LEDGERNAME>
<AMOUNT>50.000</AMOUNT>
</ALLLEDGERENTRIES.LIST>
<ALLLEDGERENTRIES.LIST>
<REMOVEZEROENTRIES>No</REMOVEZEROENTRIES>
<ISDEEMEDPOSITIVE>No</ISDEEMEDPOSITIVE>
<LEDGERFROMITEM>No</LEDGERFROMITEM>
<LEDGERNAME>CGST</LEDGERNAME>
<AMOUNT>4.5000000</AMOUNT>
</ALLLEDGERENTRIES.LIST>
<ALLLEDGERENTRIES.LIST>
<REMOVEZEROENTRIES>No</REMOVEZEROENTRIES>
<ISDEEMEDPOSITIVE>No</ISDEEMEDPOSITIVE>
<LEDGERFROMITEM>No</LEDGERFROMITEM>
<LEDGERNAME>SGST</LEDGERNAME>
<AMOUNT>4.5000000</AMOUNT>
</ALLLEDGERENTRIES.LIST>
<ALLLEDGERENTRIES.LIST>
<REMOVEZEROENTRIES>No</REMOVEZEROENTRIES>
<ISDEEMEDPOSITIVE>No</ISDEEMEDPOSITIVE>
<LEDGERFROMITEM>No</LEDGERFROMITEM>
<LEDGERNAME>Container Handling Services-Import-GST</LEDGERNAME>
<AMOUNT>30.000</AMOUNT>
</ALLLEDGERENTRIES.LIST>
<ALLLEDGERENTRIES.LIST>
<REMOVEZEROENTRIES>No</REMOVEZEROENTRIES>
<ISDEEMEDPOSITIVE>No</ISDEEMEDPOSITIVE>
<LEDGERFROMITEM>No</LEDGERFROMITEM>
<LEDGERNAME>CGST</LEDGERNAME>
<AMOUNT>2.7000000</AMOUNT>
</ALLLEDGERENTRIES.LIST>
<ALLLEDGERENTRIES.LIST>
<REMOVEZEROENTRIES>No</REMOVEZEROENTRIES>
<ISDEEMEDPOSITIVE>No</ISDEEMEDPOSITIVE>
<LEDGERFROMITEM>No</LEDGERFROMITEM>
<LEDGERNAME>SGST</LEDGERNAME>
<AMOUNT>2.7000000</AMOUNT>
</ALLLEDGERENTRIES.LIST>
<ALLLEDGERENTRIES.LIST>
<REMOVEZEROENTRIES>No</REMOVEZEROENTRIES>
<ISDEEMEDPOSITIVE>No</ISDEEMEDPOSITIVE>
<LEDGERFROMITEM>No</LEDGERFROMITEM>
<LEDGERNAME>Container Handling Services-Import-GST</LEDGERNAME>
<AMOUNT>400.000</AMOUNT>
</ALLLEDGERENTRIES.LIST>
<ALLLEDGERENTRIES.LIST>
<REMOVEZEROENTRIES>No</REMOVEZEROENTRIES>
<ISDEEMEDPOSITIVE>No</ISDEEMEDPOSITIVE>
<LEDGERFROMITEM>No</LEDGERFROMITEM>
<LEDGERNAME>CGST</LEDGERNAME>
<AMOUNT>36.0000000</AMOUNT>
</ALLLEDGERENTRIES.LIST>
<ALLLEDGERENTRIES.LIST>
<REMOVEZEROENTRIES>No</REMOVEZEROENTRIES>
<ISDEEMEDPOSITIVE>No</ISDEEMEDPOSITIVE>
<LEDGERFROMITEM>No</LEDGERFROMITEM>
<LEDGERNAME>SGST</LEDGERNAME>
<AMOUNT>36.0000000</AMOUNT>
</ALLLEDGERENTRIES.LIST>
<ALLLEDGERENTRIES.LIST>
<REMOVEZEROENTRIES>No</REMOVEZEROENTRIES>
<ISDEEMEDPOSITIVE>No</ISDEEMEDPOSITIVE>
<LEDGERFROMITEM>No</LEDGERFROMITEM>
<LEDGERNAME>Container Handling Services-Import-GST</LEDGERNAME>
<AMOUNT>1800.000</AMOUNT>
</ALLLEDGERENTRIES.LIST>
<ALLLEDGERENTRIES.LIST>
<REMOVEZEROENTRIES>No</REMOVEZEROENTRIES>
<ISDEEMEDPOSITIVE>No</ISDEEMEDPOSITIVE>
<LEDGERFROMITEM>No</LEDGERFROMITEM>
<LEDGERNAME>CGST</LEDGERNAME>
<AMOUNT>162.0000000</AMOUNT>
</ALLLEDGERENTRIES.LIST>
<ALLLEDGERENTRIES.LIST>
<REMOVEZEROENTRIES>No</REMOVEZEROENTRIES>
<ISDEEMEDPOSITIVE>No</ISDEEMEDPOSITIVE>
<LEDGERFROMITEM>No</LEDGERFROMITEM>
<LEDGERNAME>SGST</LEDGERNAME>
<AMOUNT>162.0000000</AMOUNT>
</ALLLEDGERENTRIES.LIST>
<ALLLEDGERENTRIES.LIST>
<REMOVEZEROENTRIES>No</REMOVEZEROENTRIES>
<ISDEEMEDPOSITIVE>No</ISDEEMEDPOSITIVE>
<LEDGERFROMITEM>No</LEDGERFROMITEM>
<LEDGERNAME>SHORT AND EXCESS</LEDGERNAME>
<AMOUNT>0.200</AMOUNT>
</ALLLEDGERENTRIES.LIST>
</VOUCHER>
</TALLYMESSAGE>
</REQUESTDATA>
</IMPORTDATA>
</BODY>
</ENVELOPE>
