<?xml version="1.0" encoding="UTF-8"?>
<ENVELOPE>
<HEADER>
<TALLYREQUEST>Import Data</TALLYREQUEST>
</HEADER>
<BODY>
<IMPORTDATA>
<REQUESTDESC>
<REPORTNAME>Vouchers</REPORTNAME>
<STATICVARIABLES>
<SVCURRENTCOMPANY>
Apollo LogiSolutions Limited-Panvel
</SVCURRENTCOMPANY>
</STATICVARIABLES>
</REQUESTDESC>
<REQUESTDATA>
<TALLYMESSAGE xmlns:UDF="TallyUDF">
<VOUCHER>
<ISOPTIONAL>No</ISOPTIONAL>
<USEFORGAINLOSS>No</USEFORGAINLOSS>
<USEFORCOMPOUND>No</USEFORCOMPOUND>
<VOUCHERTYPENAME>Sales-Import-CFSM</VOUCHERTYPENAME>
<DATE>20191105</DATE>
<EFFECTIVEDATE>20191105</EFFECTIVEDATE>
<ISCANCELLED>No</ISCANCELLED>
<USETRACKINGNUMBER>No</USETRACKINGNUMBER>
<ISPOSTDATED>No</ISPOSTDATED>
<ISINVOICE>No</ISINVOICE>
<DIFFACTUALQTY>No</DIFFACTUALQTY>
<VOUCHERNUMBER>ALSI009257/19-20</VOUCHERNUMBER>
<PARTYLEDGERNAME>ASHA DYESTUFF INDUSTRIES PVT LTD</PARTYLEDGERNAME>
<STATENAME>Maharashtra</STATENAME>
<NARRATION>Being amount debited towards IGM No: 2237340, BL NO: 0349529661, Importer: ASHA DYESTUFF INDUSTRIES PVT.LTD, VOY NO: 042, Vessel: WAN HAI 516, LINER: WAN HAI LINE and containers:  1 X 20, Invoice No: ALSI009257/19-20</NARRATION>
<PARTYGSTIN>27AABCA8919N1Z6</PARTYGSTIN>
<ALLLEDGERENTRIES.LIST>
<REMOVEZEROENTRIES>No</REMOVEZEROENTRIES>
<ISDEEMEDPOSITIVE>Yes</ISDEEMEDPOSITIVE>
<LEDGERFROMITEM>No</LEDGERFROMITEM>
<LEDGERNAME>ASHA DYESTUFF INDUSTRIES PVT LTD</LEDGERNAME>
<AMOUNT>-24686.000</AMOUNT>
<BILLALLOCATIONS.LIST>
<NAME>ALSI009257/19-20</NAME>
<BILLTYPE>New Ref</BILLTYPE>
<AMOUNT>-24686.000</AMOUNT>
</BILLALLOCATIONS.LIST>
</ALLLEDGERENTRIES.LIST>
<ALLLEDGERENTRIES.LIST>
<REMOVEZEROENTRIES>No</REMOVEZEROENTRIES>
<ISDEEMEDPOSITIVE>No</ISDEEMEDPOSITIVE>
<LEDGERFROMITEM>No</LEDGERFROMITEM>
<LEDGERNAME>Container Handling Services-Import-GST</LEDGERNAME>
<AMOUNT>9415.000</AMOUNT>
</ALLLEDGERENTRIES.LIST>
<ALLLEDGERENTRIES.LIST>
<REMOVEZEROENTRIES>No</REMOVEZEROENTRIES>
<ISDEEMEDPOSITIVE>No</ISDEEMEDPOSITIVE>
<LEDGERFROMITEM>No</LEDGERFROMITEM>
<LEDGERNAME>CGST</LEDGERNAME>
<AMOUNT>847.3500000</AMOUNT>
</ALLLEDGERENTRIES.LIST>
<ALLLEDGERENTRIES.LIST>
<REMOVEZEROENTRIES>No</REMOVEZEROENTRIES>
<ISDEEMEDPOSITIVE>No</ISDEEMEDPOSITIVE>
<LEDGERFROMITEM>No</LEDGERFROMITEM>
<LEDGERNAME>SGST</LEDGERNAME>
<AMOUNT>847.3500000</AMOUNT>
</ALLLEDGERENTRIES.LIST>
<ALLLEDGERENTRIES.LIST>
<REMOVEZEROENTRIES>No</REMOVEZEROENTRIES>
<ISDEEMEDPOSITIVE>No</ISDEEMEDPOSITIVE>
<LEDGERFROMITEM>No</LEDGERFROMITEM>
<LEDGERNAME>Other Storage and Warehousing Services-Import-GST</LEDGERNAME>
<AMOUNT>7900.000</AMOUNT>
</ALLLEDGERENTRIES.LIST>
<ALLLEDGERENTRIES.LIST>
<REMOVEZEROENTRIES>No</REMOVEZEROENTRIES>
<ISDEEMEDPOSITIVE>No</ISDEEMEDPOSITIVE>
<LEDGERFROMITEM>No</LEDGERFROMITEM>
<LEDGERNAME>CGST</LEDGERNAME>
<AMOUNT>711.0000000</AMOUNT>
</ALLLEDGERENTRIES.LIST>
<ALLLEDGERENTRIES.LIST>
<REMOVEZEROENTRIES>No</REMOVEZEROENTRIES>
<ISDEEMEDPOSITIVE>No</ISDEEMEDPOSITIVE>
<LEDGERFROMITEM>No</LEDGERFROMITEM>
<LEDGERNAME>SGST</LEDGERNAME>
<AMOUNT>711.0000000</AMOUNT>
</ALLLEDGERENTRIES.LIST>
<ALLLEDGERENTRIES.LIST>
<REMOVEZEROENTRIES>No</REMOVEZEROENTRIES>
<ISDEEMEDPOSITIVE>No</ISDEEMEDPOSITIVE>
<LEDGERFROMITEM>No</LEDGERFROMITEM>
<LEDGERNAME>Container Handling Services-Import-GST</LEDGERNAME>
<AMOUNT>1200.000</AMOUNT>
</ALLLEDGERENTRIES.LIST>
<ALLLEDGERENTRIES.LIST>
<REMOVEZEROENTRIES>No</REMOVEZEROENTRIES>
<ISDEEMEDPOSITIVE>No</ISDEEMEDPOSITIVE>
<LEDGERFROMITEM>No</LEDGERFROMITEM>
<LEDGERNAME>CGST</LEDGERNAME>
<AMOUNT>108.0000000</AMOUNT>
</ALLLEDGERENTRIES.LIST>
<ALLLEDGERENTRIES.LIST>
<REMOVEZEROENTRIES>No</REMOVEZEROENTRIES>
<ISDEEMEDPOSITIVE>No</ISDEEMEDPOSITIVE>
<LEDGERFROMITEM>No</LEDGERFROMITEM>
<LEDGERNAME>SGST</LEDGERNAME>
<AMOUNT>108.0000000</AMOUNT>
</ALLLEDGERENTRIES.LIST>
<ALLLEDGERENTRIES.LIST>
<REMOVEZEROENTRIES>No</REMOVEZEROENTRIES>
<ISDEEMEDPOSITIVE>No</ISDEEMEDPOSITIVE>
<LEDGERFROMITEM>No</LEDGERFROMITEM>
<LEDGERNAME>Container Handling Services-Import-GST</LEDGERNAME>
<AMOUNT>50.000</AMOUNT>
</ALLLEDGERENTRIES.LIST>
<ALLLEDGERENTRIES.LIST>
<REMOVEZEROENTRIES>No</REMOVEZEROENTRIES>
<ISDEEMEDPOSITIVE>No</ISDEEMEDPOSITIVE>
<LEDGERFROMITEM>No</LEDGERFROMITEM>
<LEDGERNAME>SGST</LEDGERNAME>
<AMOUNT>4.5000000</AMOUNT>
</ALLLEDGERENTRIES.LIST>
<ALLLEDGERENTRIES.LIST>
<REMOVEZEROENTRIES>No</REMOVEZEROENTRIES>
<ISDEEMEDPOSITIVE>No</ISDEEMEDPOSITIVE>
<LEDGERFROMITEM>No</LEDGERFROMITEM>
<LEDGERNAME>CGST</LEDGERNAME>
<AMOUNT>4.5000000</AMOUNT>
</ALLLEDGERENTRIES.LIST>
<ALLLEDGERENTRIES.LIST>
<REMOVEZEROENTRIES>No</REMOVEZEROENTRIES>
<ISDEEMEDPOSITIVE>No</ISDEEMEDPOSITIVE>
<LEDGERFROMITEM>No</LEDGERFROMITEM>
<LEDGERNAME>Container Handling Services-Import-GST</LEDGERNAME>
<AMOUNT>125.000</AMOUNT>
</ALLLEDGERENTRIES.LIST>
<ALLLEDGERENTRIES.LIST>
<REMOVEZEROENTRIES>No</REMOVEZEROENTRIES>
<ISDEEMEDPOSITIVE>No</ISDEEMEDPOSITIVE>
<LEDGERFROMITEM>No</LEDGERFROMITEM>
<LEDGERNAME>CGST</LEDGERNAME>
<AMOUNT>11.2500000</AMOUNT>
</ALLLEDGERENTRIES.LIST>
<ALLLEDGERENTRIES.LIST>
<REMOVEZEROENTRIES>No</REMOVEZEROENTRIES>
<ISDEEMEDPOSITIVE>No</ISDEEMEDPOSITIVE>
<LEDGERFROMITEM>No</LEDGERFROMITEM>
<LEDGERNAME>SGST</LEDGERNAME>
<AMOUNT>11.2500000</AMOUNT>
</ALLLEDGERENTRIES.LIST>
<ALLLEDGERENTRIES.LIST>
<REMOVEZEROENTRIES>No</REMOVEZEROENTRIES>
<ISDEEMEDPOSITIVE>No</ISDEEMEDPOSITIVE>
<LEDGERFROMITEM>No</LEDGERFROMITEM>
<LEDGERNAME>Container Handling Services-Import-GST</LEDGERNAME>
<AMOUNT>30.000</AMOUNT>
</ALLLEDGERENTRIES.LIST>
<ALLLEDGERENTRIES.LIST>
<REMOVEZEROENTRIES>No</REMOVEZEROENTRIES>
<ISDEEMEDPOSITIVE>No</ISDEEMEDPOSITIVE>
<LEDGERFROMITEM>No</LEDGERFROMITEM>
<LEDGERNAME>SGST</LEDGERNAME>
<AMOUNT>2.7000000</AMOUNT>
</ALLLEDGERENTRIES.LIST>
<ALLLEDGERENTRIES.LIST>
<REMOVEZEROENTRIES>No</REMOVEZEROENTRIES>
<ISDEEMEDPOSITIVE>No</ISDEEMEDPOSITIVE>
<LEDGERFROMITEM>No</LEDGERFROMITEM>
<LEDGERNAME>CGST</LEDGERNAME>
<AMOUNT>2.7000000</AMOUNT>
</ALLLEDGERENTRIES.LIST>
<ALLLEDGERENTRIES.LIST>
<REMOVEZEROENTRIES>No</REMOVEZEROENTRIES>
<ISDEEMEDPOSITIVE>No</ISDEEMEDPOSITIVE>
<LEDGERFROMITEM>No</LEDGERFROMITEM>
<LEDGERNAME>Container Handling Services-Import-GST</LEDGERNAME>
<AMOUNT>400.000</AMOUNT>
</ALLLEDGERENTRIES.LIST>
<ALLLEDGERENTRIES.LIST>
<REMOVEZEROENTRIES>No</REMOVEZEROENTRIES>
<ISDEEMEDPOSITIVE>No</ISDEEMEDPOSITIVE>
<LEDGERFROMITEM>No</LEDGERFROMITEM>
<LEDGERNAME>SGST</LEDGERNAME>
<AMOUNT>36.0000000</AMOUNT>
</ALLLEDGERENTRIES.LIST>
<ALLLEDGERENTRIES.LIST>
<REMOVEZEROENTRIES>No</REMOVEZEROENTRIES>
<ISDEEMEDPOSITIVE>No</ISDEEMEDPOSITIVE>
<LEDGERFROMITEM>No</LEDGERFROMITEM>
<LEDGERNAME>CGST</LEDGERNAME>
<AMOUNT>36.0000000</AMOUNT>
</ALLLEDGERENTRIES.LIST>
<ALLLEDGERENTRIES.LIST>
<REMOVEZEROENTRIES>No</REMOVEZEROENTRIES>
<ISDEEMEDPOSITIVE>No</ISDEEMEDPOSITIVE>
<LEDGERFROMITEM>No</LEDGERFROMITEM>
<LEDGERNAME>Container Handling Services-Import-GST</LEDGERNAME>
<AMOUNT>1200.000</AMOUNT>
</ALLLEDGERENTRIES.LIST>
<ALLLEDGERENTRIES.LIST>
<REMOVEZEROENTRIES>No</REMOVEZEROENTRIES>
<ISDEEMEDPOSITIVE>No</ISDEEMEDPOSITIVE>
<LEDGERFROMITEM>No</LEDGERFROMITEM>
<LEDGERNAME>CGST</LEDGERNAME>
<AMOUNT>108.0000000</AMOUNT>
</ALLLEDGERENTRIES.LIST>
<ALLLEDGERENTRIES.LIST>
<REMOVEZEROENTRIES>No</REMOVEZEROENTRIES>
<ISDEEMEDPOSITIVE>No</ISDEEMEDPOSITIVE>
<LEDGERFROMITEM>No</LEDGERFROMITEM>
<LEDGERNAME>SGST</LEDGERNAME>
<AMOUNT>108.0000000</AMOUNT>
</ALLLEDGERENTRIES.LIST>
<ALLLEDGERENTRIES.LIST>
<REMOVEZEROENTRIES>No</REMOVEZEROENTRIES>
<ISDEEMEDPOSITIVE>No</ISDEEMEDPOSITIVE>
<LEDGERFROMITEM>No</LEDGERFROMITEM>
<LEDGERNAME>Container Handling Services-Import-GST</LEDGERNAME>
<AMOUNT>600.000</AMOUNT>
</ALLLEDGERENTRIES.LIST>
<ALLLEDGERENTRIES.LIST>
<REMOVEZEROENTRIES>No</REMOVEZEROENTRIES>
<ISDEEMEDPOSITIVE>No</ISDEEMEDPOSITIVE>
<LEDGERFROMITEM>No</LEDGERFROMITEM>
<LEDGERNAME>SGST</LEDGERNAME>
<AMOUNT>54.0000000</AMOUNT>
</ALLLEDGERENTRIES.LIST>
<ALLLEDGERENTRIES.LIST>
<REMOVEZEROENTRIES>No</REMOVEZEROENTRIES>
<ISDEEMEDPOSITIVE>No</ISDEEMEDPOSITIVE>
<LEDGERFROMITEM>No</LEDGERFROMITEM>
<LEDGERNAME>CGST</LEDGERNAME>
<AMOUNT>54.0000000</AMOUNT>
</ALLLEDGERENTRIES.LIST>
<ALLLEDGERENTRIES.LIST>
<REMOVEZEROENTRIES>No</REMOVEZEROENTRIES>
<ISDEEMEDPOSITIVE>No</ISDEEMEDPOSITIVE>
<LEDGERFROMITEM>No</LEDGERFROMITEM>
<LEDGERNAME>SHORT AND EXCESS</LEDGERNAME>
<AMOUNT>0.400</AMOUNT>
</ALLLEDGERENTRIES.LIST>
</VOUCHER>
<VOUCHER>
<ISOPTIONAL>No</ISOPTIONAL>
<USEFORGAINLOSS>No</USEFORGAINLOSS>
<USEFORCOMPOUND>No</USEFORCOMPOUND>
<VOUCHERTYPENAME>Sales-Import-CFSM</VOUCHERTYPENAME>
<DATE>20191105</DATE>
<EFFECTIVEDATE>20191105</EFFECTIVEDATE>
<ISCANCELLED>No</ISCANCELLED>
<USETRACKINGNUMBER>No</USETRACKINGNUMBER>
<ISPOSTDATED>No</ISPOSTDATED>
<ISINVOICE>No</ISINVOICE>
<DIFFACTUALQTY>No</DIFFACTUALQTY>
<VOUCHERNUMBER>ALSI009258/19-20</VOUCHERNUMBER>
<PARTYLEDGERNAME>YOGESH DYESTUFF PRODUCTS PVT LTD</PARTYLEDGERNAME>
<STATENAME>Maharashtra</STATENAME>
<NARRATION>Being amount debited towards IGM No: 2237340, BL NO: 0349529663, Importer: YOGESH DYESTUFF PRODUCTS PVT LTD, VOY NO: 042, Vessel: WAN HAI 516, LINER: WAN HAI LINE and containers:  1 X 20, Invoice No: ALSI009258/19-20</NARRATION>
<PARTYGSTIN>27AAACY0124C1ZX</PARTYGSTIN>
<ALLLEDGERENTRIES.LIST>
<REMOVEZEROENTRIES>No</REMOVEZEROENTRIES>
<ISDEEMEDPOSITIVE>Yes</ISDEEMEDPOSITIVE>
<LEDGERFROMITEM>No</LEDGERFROMITEM>
<LEDGERNAME>YOGESH DYESTUFF PRODUCTS PVT LTD</LEDGERNAME>
<AMOUNT>-29406.000</AMOUNT>
<BILLALLOCATIONS.LIST>
<NAME>ALSI009258/19-20</NAME>
<BILLTYPE>New Ref</BILLTYPE>
<AMOUNT>-29406.000</AMOUNT>
</BILLALLOCATIONS.LIST>
</ALLLEDGERENTRIES.LIST>
<ALLLEDGERENTRIES.LIST>
<REMOVEZEROENTRIES>No</REMOVEZEROENTRIES>
<ISDEEMEDPOSITIVE>No</ISDEEMEDPOSITIVE>
<LEDGERFROMITEM>No</LEDGERFROMITEM>
<LEDGERNAME>Container Handling Services-Import-GST</LEDGERNAME>
<AMOUNT>9415.000</AMOUNT>
</ALLLEDGERENTRIES.LIST>
<ALLLEDGERENTRIES.LIST>
<REMOVEZEROENTRIES>No</REMOVEZEROENTRIES>
<ISDEEMEDPOSITIVE>No</ISDEEMEDPOSITIVE>
<LEDGERFROMITEM>No</LEDGERFROMITEM>
<LEDGERNAME>SGST</LEDGERNAME>
<AMOUNT>847.3500000</AMOUNT>
</ALLLEDGERENTRIES.LIST>
<ALLLEDGERENTRIES.LIST>
<REMOVEZEROENTRIES>No</REMOVEZEROENTRIES>
<ISDEEMEDPOSITIVE>No</ISDEEMEDPOSITIVE>
<LEDGERFROMITEM>No</LEDGERFROMITEM>
<LEDGERNAME>CGST</LEDGERNAME>
<AMOUNT>847.3500000</AMOUNT>
</ALLLEDGERENTRIES.LIST>
<ALLLEDGERENTRIES.LIST>
<REMOVEZEROENTRIES>No</REMOVEZEROENTRIES>
<ISDEEMEDPOSITIVE>No</ISDEEMEDPOSITIVE>
<LEDGERFROMITEM>No</LEDGERFROMITEM>
<LEDGERNAME>Other Storage and Warehousing Services-Import-GST</LEDGERNAME>
<AMOUNT>7900.000</AMOUNT>
</ALLLEDGERENTRIES.LIST>
<ALLLEDGERENTRIES.LIST>
<REMOVEZEROENTRIES>No</REMOVEZEROENTRIES>
<ISDEEMEDPOSITIVE>No</ISDEEMEDPOSITIVE>
<LEDGERFROMITEM>No</LEDGERFROMITEM>
<LEDGERNAME>CGST</LEDGERNAME>
<AMOUNT>711.0000000</AMOUNT>
</ALLLEDGERENTRIES.LIST>
<ALLLEDGERENTRIES.LIST>
<REMOVEZEROENTRIES>No</REMOVEZEROENTRIES>
<ISDEEMEDPOSITIVE>No</ISDEEMEDPOSITIVE>
<LEDGERFROMITEM>No</LEDGERFROMITEM>
<LEDGERNAME>SGST</LEDGERNAME>
<AMOUNT>711.0000000</AMOUNT>
</ALLLEDGERENTRIES.LIST>
<ALLLEDGERENTRIES.LIST>
<REMOVEZEROENTRIES>No</REMOVEZEROENTRIES>
<ISDEEMEDPOSITIVE>No</ISDEEMEDPOSITIVE>
<LEDGERFROMITEM>No</LEDGERFROMITEM>
<LEDGERNAME>Container Handling Services-Import-GST</LEDGERNAME>
<AMOUNT>1200.000</AMOUNT>
</ALLLEDGERENTRIES.LIST>
<ALLLEDGERENTRIES.LIST>
<REMOVEZEROENTRIES>No</REMOVEZEROENTRIES>
<ISDEEMEDPOSITIVE>No</ISDEEMEDPOSITIVE>
<LEDGERFROMITEM>No</LEDGERFROMITEM>
<LEDGERNAME>SGST</LEDGERNAME>
<AMOUNT>108.0000000</AMOUNT>
</ALLLEDGERENTRIES.LIST>
<ALLLEDGERENTRIES.LIST>
<REMOVEZEROENTRIES>No</REMOVEZEROENTRIES>
<ISDEEMEDPOSITIVE>No</ISDEEMEDPOSITIVE>
<LEDGERFROMITEM>No</LEDGERFROMITEM>
<LEDGERNAME>CGST</LEDGERNAME>
<AMOUNT>108.0000000</AMOUNT>
</ALLLEDGERENTRIES.LIST>
<ALLLEDGERENTRIES.LIST>
<REMOVEZEROENTRIES>No</REMOVEZEROENTRIES>
<ISDEEMEDPOSITIVE>No</ISDEEMEDPOSITIVE>
<LEDGERFROMITEM>No</LEDGERFROMITEM>
<LEDGERNAME>Container Handling Services-Import-GST</LEDGERNAME>
<AMOUNT>50.000</AMOUNT>
</ALLLEDGERENTRIES.LIST>
<ALLLEDGERENTRIES.LIST>
<REMOVEZEROENTRIES>No</REMOVEZEROENTRIES>
<ISDEEMEDPOSITIVE>No</ISDEEMEDPOSITIVE>
<LEDGERFROMITEM>No</LEDGERFROMITEM>
<LEDGERNAME>CGST</LEDGERNAME>
<AMOUNT>4.5000000</AMOUNT>
</ALLLEDGERENTRIES.LIST>
<ALLLEDGERENTRIES.LIST>
<REMOVEZEROENTRIES>No</REMOVEZEROENTRIES>
<ISDEEMEDPOSITIVE>No</ISDEEMEDPOSITIVE>
<LEDGERFROMITEM>No</LEDGERFROMITEM>
<LEDGERNAME>SGST</LEDGERNAME>
<AMOUNT>4.5000000</AMOUNT>
</ALLLEDGERENTRIES.LIST>
<ALLLEDGERENTRIES.LIST>
<REMOVEZEROENTRIES>No</REMOVEZEROENTRIES>
<ISDEEMEDPOSITIVE>No</ISDEEMEDPOSITIVE>
<LEDGERFROMITEM>No</LEDGERFROMITEM>
<LEDGERNAME>Container Handling Services-Import-GST</LEDGERNAME>
<AMOUNT>125.000</AMOUNT>
</ALLLEDGERENTRIES.LIST>
<ALLLEDGERENTRIES.LIST>
<REMOVEZEROENTRIES>No</REMOVEZEROENTRIES>
<ISDEEMEDPOSITIVE>No</ISDEEMEDPOSITIVE>
<LEDGERFROMITEM>No</LEDGERFROMITEM>
<LEDGERNAME>CGST</LEDGERNAME>
<AMOUNT>11.2500000</AMOUNT>
</ALLLEDGERENTRIES.LIST>
<ALLLEDGERENTRIES.LIST>
<REMOVEZEROENTRIES>No</REMOVEZEROENTRIES>
<ISDEEMEDPOSITIVE>No</ISDEEMEDPOSITIVE>
<LEDGERFROMITEM>No</LEDGERFROMITEM>
<LEDGERNAME>SGST</LEDGERNAME>
<AMOUNT>11.2500000</AMOUNT>
</ALLLEDGERENTRIES.LIST>
<ALLLEDGERENTRIES.LIST>
<REMOVEZEROENTRIES>No</REMOVEZEROENTRIES>
<ISDEEMEDPOSITIVE>No</ISDEEMEDPOSITIVE>
<LEDGERFROMITEM>No</LEDGERFROMITEM>
<LEDGERNAME>Container Handling Services-Import-GST</LEDGERNAME>
<AMOUNT>4000.000</AMOUNT>
</ALLLEDGERENTRIES.LIST>
<ALLLEDGERENTRIES.LIST>
<REMOVEZEROENTRIES>No</REMOVEZEROENTRIES>
<ISDEEMEDPOSITIVE>No</ISDEEMEDPOSITIVE>
<LEDGERFROMITEM>No</LEDGERFROMITEM>
<LEDGERNAME>CGST</LEDGERNAME>
<AMOUNT>360.0000000</AMOUNT>
</ALLLEDGERENTRIES.LIST>
<ALLLEDGERENTRIES.LIST>
<REMOVEZEROENTRIES>No</REMOVEZEROENTRIES>
<ISDEEMEDPOSITIVE>No</ISDEEMEDPOSITIVE>
<LEDGERFROMITEM>No</LEDGERFROMITEM>
<LEDGERNAME>SGST</LEDGERNAME>
<AMOUNT>360.0000000</AMOUNT>
</ALLLEDGERENTRIES.LIST>
<ALLLEDGERENTRIES.LIST>
<REMOVEZEROENTRIES>No</REMOVEZEROENTRIES>
<ISDEEMEDPOSITIVE>No</ISDEEMEDPOSITIVE>
<LEDGERFROMITEM>No</LEDGERFROMITEM>
<LEDGERNAME>Container Handling Services-Import-GST</LEDGERNAME>
<AMOUNT>30.000</AMOUNT>
</ALLLEDGERENTRIES.LIST>
<ALLLEDGERENTRIES.LIST>
<REMOVEZEROENTRIES>No</REMOVEZEROENTRIES>
<ISDEEMEDPOSITIVE>No</ISDEEMEDPOSITIVE>
<LEDGERFROMITEM>No</LEDGERFROMITEM>
<LEDGERNAME>CGST</LEDGERNAME>
<AMOUNT>2.7000000</AMOUNT>
</ALLLEDGERENTRIES.LIST>
<ALLLEDGERENTRIES.LIST>
<REMOVEZEROENTRIES>No</REMOVEZEROENTRIES>
<ISDEEMEDPOSITIVE>No</ISDEEMEDPOSITIVE>
<LEDGERFROMITEM>No</LEDGERFROMITEM>
<LEDGERNAME>SGST</LEDGERNAME>
<AMOUNT>2.7000000</AMOUNT>
</ALLLEDGERENTRIES.LIST>
<ALLLEDGERENTRIES.LIST>
<REMOVEZEROENTRIES>No</REMOVEZEROENTRIES>
<ISDEEMEDPOSITIVE>No</ISDEEMEDPOSITIVE>
<LEDGERFROMITEM>No</LEDGERFROMITEM>
<LEDGERNAME>Container Handling Services-Import-GST</LEDGERNAME>
<AMOUNT>400.000</AMOUNT>
</ALLLEDGERENTRIES.LIST>
<ALLLEDGERENTRIES.LIST>
<REMOVEZEROENTRIES>No</REMOVEZEROENTRIES>
<ISDEEMEDPOSITIVE>No</ISDEEMEDPOSITIVE>
<LEDGERFROMITEM>No</LEDGERFROMITEM>
<LEDGERNAME>CGST</LEDGERNAME>
<AMOUNT>36.0000000</AMOUNT>
</ALLLEDGERENTRIES.LIST>
<ALLLEDGERENTRIES.LIST>
<REMOVEZEROENTRIES>No</REMOVEZEROENTRIES>
<ISDEEMEDPOSITIVE>No</ISDEEMEDPOSITIVE>
<LEDGERFROMITEM>No</LEDGERFROMITEM>
<LEDGERNAME>SGST</LEDGERNAME>
<AMOUNT>36.0000000</AMOUNT>
</ALLLEDGERENTRIES.LIST>
<ALLLEDGERENTRIES.LIST>
<REMOVEZEROENTRIES>No</REMOVEZEROENTRIES>
<ISDEEMEDPOSITIVE>No</ISDEEMEDPOSITIVE>
<LEDGERFROMITEM>No</LEDGERFROMITEM>
<LEDGERNAME>Container Handling Services-Import-GST</LEDGERNAME>
<AMOUNT>1200.000</AMOUNT>
</ALLLEDGERENTRIES.LIST>
<ALLLEDGERENTRIES.LIST>
<REMOVEZEROENTRIES>No</REMOVEZEROENTRIES>
<ISDEEMEDPOSITIVE>No</ISDEEMEDPOSITIVE>
<LEDGERFROMITEM>No</LEDGERFROMITEM>
<LEDGERNAME>CGST</LEDGERNAME>
<AMOUNT>108.0000000</AMOUNT>
</ALLLEDGERENTRIES.LIST>
<ALLLEDGERENTRIES.LIST>
<REMOVEZEROENTRIES>No</REMOVEZEROENTRIES>
<ISDEEMEDPOSITIVE>No</ISDEEMEDPOSITIVE>
<LEDGERFROMITEM>No</LEDGERFROMITEM>
<LEDGERNAME>SGST</LEDGERNAME>
<AMOUNT>108.0000000</AMOUNT>
</ALLLEDGERENTRIES.LIST>
<ALLLEDGERENTRIES.LIST>
<REMOVEZEROENTRIES>No</REMOVEZEROENTRIES>
<ISDEEMEDPOSITIVE>No</ISDEEMEDPOSITIVE>
<LEDGERFROMITEM>No</LEDGERFROMITEM>
<LEDGERNAME>Container Handling Services-Import-GST</LEDGERNAME>
<AMOUNT>600.000</AMOUNT>
</ALLLEDGERENTRIES.LIST>
<ALLLEDGERENTRIES.LIST>
<REMOVEZEROENTRIES>No</REMOVEZEROENTRIES>
<ISDEEMEDPOSITIVE>No</ISDEEMEDPOSITIVE>
<LEDGERFROMITEM>No</LEDGERFROMITEM>
<LEDGERNAME>CGST</LEDGERNAME>
<AMOUNT>54.0000000</AMOUNT>
</ALLLEDGERENTRIES.LIST>
<ALLLEDGERENTRIES.LIST>
<REMOVEZEROENTRIES>No</REMOVEZEROENTRIES>
<ISDEEMEDPOSITIVE>No</ISDEEMEDPOSITIVE>
<LEDGERFROMITEM>No</LEDGERFROMITEM>
<LEDGERNAME>SGST</LEDGERNAME>
<AMOUNT>54.0000000</AMOUNT>
</ALLLEDGERENTRIES.LIST>
<ALLLEDGERENTRIES.LIST>
<REMOVEZEROENTRIES>No</REMOVEZEROENTRIES>
<ISDEEMEDPOSITIVE>No</ISDEEMEDPOSITIVE>
<LEDGERFROMITEM>No</LEDGERFROMITEM>
<LEDGERNAME>SHORT AND EXCESS</LEDGERNAME>
<AMOUNT>0.400</AMOUNT>
</ALLLEDGERENTRIES.LIST>
</VOUCHER>
<VOUCHER>
<ISOPTIONAL>No</ISOPTIONAL>
<USEFORGAINLOSS>No</USEFORGAINLOSS>
<USEFORCOMPOUND>No</USEFORCOMPOUND>
<VOUCHERTYPENAME>Sales-Import-CFSM</VOUCHERTYPENAME>
<DATE>20191105</DATE>
<EFFECTIVEDATE>20191105</EFFECTIVEDATE>
<ISCANCELLED>No</ISCANCELLED>
<USETRACKINGNUMBER>No</USETRACKINGNUMBER>
<ISPOSTDATED>No</ISPOSTDATED>
<ISINVOICE>No</ISINVOICE>
<DIFFACTUALQTY>No</DIFFACTUALQTY>
<VOUCHERNUMBER>ALSI009259/19-20</VOUCHERNUMBER>
<PARTYLEDGERNAME>ESTEEM INDUSTRIES PVT LTD</PARTYLEDGERNAME>
<STATENAME>Maharashtra</STATENAME>
<NARRATION>Being amount debited towards IGM No: 2237794, BL NO: 0279654728, Importer: ESTEEM INDUSTRIES PVT LTD, VOY NO: 049, Vessel: WAN HAI 517, LINER: WAN HAI LINE and containers:  1 X 20, Invoice No: ALSI009259/19-20</NARRATION>
<PARTYGSTIN>27AAACE9474F1ZG</PARTYGSTIN>
<ALLLEDGERENTRIES.LIST>
<REMOVEZEROENTRIES>No</REMOVEZEROENTRIES>
<ISDEEMEDPOSITIVE>Yes</ISDEEMEDPOSITIVE>
<LEDGERFROMITEM>No</LEDGERFROMITEM>
<LEDGERNAME>ESTEEM INDUSTRIES PVT LTD</LEDGERNAME>
<AMOUNT>-18740.000</AMOUNT>
<BILLALLOCATIONS.LIST>
<NAME>ALSI009259/19-20</NAME>
<BILLTYPE>New Ref</BILLTYPE>
<AMOUNT>-18740.000</AMOUNT>
</BILLALLOCATIONS.LIST>
</ALLLEDGERENTRIES.LIST>
<ALLLEDGERENTRIES.LIST>
<REMOVEZEROENTRIES>No</REMOVEZEROENTRIES>
<ISDEEMEDPOSITIVE>No</ISDEEMEDPOSITIVE>
<LEDGERFROMITEM>No</LEDGERFROMITEM>
<LEDGERNAME>Container Handling Services-Import-GST</LEDGERNAME>
<AMOUNT>9215.000</AMOUNT>
</ALLLEDGERENTRIES.LIST>
<ALLLEDGERENTRIES.LIST>
<REMOVEZEROENTRIES>No</REMOVEZEROENTRIES>
<ISDEEMEDPOSITIVE>No</ISDEEMEDPOSITIVE>
<LEDGERFROMITEM>No</LEDGERFROMITEM>
<LEDGERNAME>CGST</LEDGERNAME>
<AMOUNT>829.3500000</AMOUNT>
</ALLLEDGERENTRIES.LIST>
<ALLLEDGERENTRIES.LIST>
<REMOVEZEROENTRIES>No</REMOVEZEROENTRIES>
<ISDEEMEDPOSITIVE>No</ISDEEMEDPOSITIVE>
<LEDGERFROMITEM>No</LEDGERFROMITEM>
<LEDGERNAME>SGST</LEDGERNAME>
<AMOUNT>829.3500000</AMOUNT>
</ALLLEDGERENTRIES.LIST>
<ALLLEDGERENTRIES.LIST>
<REMOVEZEROENTRIES>No</REMOVEZEROENTRIES>
<ISDEEMEDPOSITIVE>No</ISDEEMEDPOSITIVE>
<LEDGERFROMITEM>No</LEDGERFROMITEM>
<LEDGERNAME>Other Storage and Warehousing Services-Import-GST</LEDGERNAME>
<AMOUNT>1650.000</AMOUNT>
</ALLLEDGERENTRIES.LIST>
<ALLLEDGERENTRIES.LIST>
<REMOVEZEROENTRIES>No</REMOVEZEROENTRIES>
<ISDEEMEDPOSITIVE>No</ISDEEMEDPOSITIVE>
<LEDGERFROMITEM>No</LEDGERFROMITEM>
<LEDGERNAME>CGST</LEDGERNAME>
<AMOUNT>148.5000000</AMOUNT>
</ALLLEDGERENTRIES.LIST>
<ALLLEDGERENTRIES.LIST>
<REMOVEZEROENTRIES>No</REMOVEZEROENTRIES>
<ISDEEMEDPOSITIVE>No</ISDEEMEDPOSITIVE>
<LEDGERFROMITEM>No</LEDGERFROMITEM>
<LEDGERNAME>SGST</LEDGERNAME>
<AMOUNT>148.5000000</AMOUNT>
</ALLLEDGERENTRIES.LIST>
<ALLLEDGERENTRIES.LIST>
<REMOVEZEROENTRIES>No</REMOVEZEROENTRIES>
<ISDEEMEDPOSITIVE>No</ISDEEMEDPOSITIVE>
<LEDGERFROMITEM>No</LEDGERFROMITEM>
<LEDGERNAME>Container Handling Services-Import-GST</LEDGERNAME>
<AMOUNT>1566.400</AMOUNT>
</ALLLEDGERENTRIES.LIST>
<ALLLEDGERENTRIES.LIST>
<REMOVEZEROENTRIES>No</REMOVEZEROENTRIES>
<ISDEEMEDPOSITIVE>No</ISDEEMEDPOSITIVE>
<LEDGERFROMITEM>No</LEDGERFROMITEM>
<LEDGERNAME>CGST</LEDGERNAME>
<AMOUNT>140.9800000</AMOUNT>
</ALLLEDGERENTRIES.LIST>
<ALLLEDGERENTRIES.LIST>
<REMOVEZEROENTRIES>No</REMOVEZEROENTRIES>
<ISDEEMEDPOSITIVE>No</ISDEEMEDPOSITIVE>
<LEDGERFROMITEM>No</LEDGERFROMITEM>
<LEDGERNAME>SGST</LEDGERNAME>
<AMOUNT>140.9800000</AMOUNT>
</ALLLEDGERENTRIES.LIST>
<ALLLEDGERENTRIES.LIST>
<REMOVEZEROENTRIES>No</REMOVEZEROENTRIES>
<ISDEEMEDPOSITIVE>No</ISDEEMEDPOSITIVE>
<LEDGERFROMITEM>No</LEDGERFROMITEM>
<LEDGERNAME>Container Handling Services-Import-GST</LEDGERNAME>
<AMOUNT>1200.000</AMOUNT>
</ALLLEDGERENTRIES.LIST>
<ALLLEDGERENTRIES.LIST>
<REMOVEZEROENTRIES>No</REMOVEZEROENTRIES>
<ISDEEMEDPOSITIVE>No</ISDEEMEDPOSITIVE>
<LEDGERFROMITEM>No</LEDGERFROMITEM>
<LEDGERNAME>CGST</LEDGERNAME>
<AMOUNT>108.0000000</AMOUNT>
</ALLLEDGERENTRIES.LIST>
<ALLLEDGERENTRIES.LIST>
<REMOVEZEROENTRIES>No</REMOVEZEROENTRIES>
<ISDEEMEDPOSITIVE>No</ISDEEMEDPOSITIVE>
<LEDGERFROMITEM>No</LEDGERFROMITEM>
<LEDGERNAME>SGST</LEDGERNAME>
<AMOUNT>108.0000000</AMOUNT>
</ALLLEDGERENTRIES.LIST>
<ALLLEDGERENTRIES.LIST>
<REMOVEZEROENTRIES>No</REMOVEZEROENTRIES>
<ISDEEMEDPOSITIVE>No</ISDEEMEDPOSITIVE>
<LEDGERFROMITEM>No</LEDGERFROMITEM>
<LEDGERNAME>Container Handling Services-Import-GST</LEDGERNAME>
<AMOUNT>50.000</AMOUNT>
</ALLLEDGERENTRIES.LIST>
<ALLLEDGERENTRIES.LIST>
<REMOVEZEROENTRIES>No</REMOVEZEROENTRIES>
<ISDEEMEDPOSITIVE>No</ISDEEMEDPOSITIVE>
<LEDGERFROMITEM>No</LEDGERFROMITEM>
<LEDGERNAME>CGST</LEDGERNAME>
<AMOUNT>4.5000000</AMOUNT>
</ALLLEDGERENTRIES.LIST>
<ALLLEDGERENTRIES.LIST>
<REMOVEZEROENTRIES>No</REMOVEZEROENTRIES>
<ISDEEMEDPOSITIVE>No</ISDEEMEDPOSITIVE>
<LEDGERFROMITEM>No</LEDGERFROMITEM>
<LEDGERNAME>SGST</LEDGERNAME>
<AMOUNT>4.5000000</AMOUNT>
</ALLLEDGERENTRIES.LIST>
<ALLLEDGERENTRIES.LIST>
<REMOVEZEROENTRIES>No</REMOVEZEROENTRIES>
<ISDEEMEDPOSITIVE>No</ISDEEMEDPOSITIVE>
<LEDGERFROMITEM>No</LEDGERFROMITEM>
<LEDGERNAME>Container Handling Services-Import-GST</LEDGERNAME>
<AMOUNT>400.000</AMOUNT>
</ALLLEDGERENTRIES.LIST>
<ALLLEDGERENTRIES.LIST>
<REMOVEZEROENTRIES>No</REMOVEZEROENTRIES>
<ISDEEMEDPOSITIVE>No</ISDEEMEDPOSITIVE>
<LEDGERFROMITEM>No</LEDGERFROMITEM>
<LEDGERNAME>CGST</LEDGERNAME>
<AMOUNT>36.0000000</AMOUNT>
</ALLLEDGERENTRIES.LIST>
<ALLLEDGERENTRIES.LIST>
<REMOVEZEROENTRIES>No</REMOVEZEROENTRIES>
<ISDEEMEDPOSITIVE>No</ISDEEMEDPOSITIVE>
<LEDGERFROMITEM>No</LEDGERFROMITEM>
<LEDGERNAME>SGST</LEDGERNAME>
<AMOUNT>36.0000000</AMOUNT>
</ALLLEDGERENTRIES.LIST>
<ALLLEDGERENTRIES.LIST>
<REMOVEZEROENTRIES>No</REMOVEZEROENTRIES>
<ISDEEMEDPOSITIVE>No</ISDEEMEDPOSITIVE>
<LEDGERFROMITEM>No</LEDGERFROMITEM>
<LEDGERNAME>Container Handling Services-Import-GST</LEDGERNAME>
<AMOUNT>1200.000</AMOUNT>
</ALLLEDGERENTRIES.LIST>
<ALLLEDGERENTRIES.LIST>
<REMOVEZEROENTRIES>No</REMOVEZEROENTRIES>
<ISDEEMEDPOSITIVE>No</ISDEEMEDPOSITIVE>
<LEDGERFROMITEM>No</LEDGERFROMITEM>
<LEDGERNAME>CGST</LEDGERNAME>
<AMOUNT>108.0000000</AMOUNT>
</ALLLEDGERENTRIES.LIST>
<ALLLEDGERENTRIES.LIST>
<REMOVEZEROENTRIES>No</REMOVEZEROENTRIES>
<ISDEEMEDPOSITIVE>No</ISDEEMEDPOSITIVE>
<LEDGERFROMITEM>No</LEDGERFROMITEM>
<LEDGERNAME>SGST</LEDGERNAME>
<AMOUNT>108.0000000</AMOUNT>
</ALLLEDGERENTRIES.LIST>
<ALLLEDGERENTRIES.LIST>
<REMOVEZEROENTRIES>No</REMOVEZEROENTRIES>
<ISDEEMEDPOSITIVE>No</ISDEEMEDPOSITIVE>
<LEDGERFROMITEM>No</LEDGERFROMITEM>
<LEDGERNAME>Container Handling Services-Import-GST</LEDGERNAME>
<AMOUNT>600.000</AMOUNT>
</ALLLEDGERENTRIES.LIST>
<ALLLEDGERENTRIES.LIST>
<REMOVEZEROENTRIES>No</REMOVEZEROENTRIES>
<ISDEEMEDPOSITIVE>No</ISDEEMEDPOSITIVE>
<LEDGERFROMITEM>No</LEDGERFROMITEM>
<LEDGERNAME>SGST</LEDGERNAME>
<AMOUNT>54.0000000</AMOUNT>
</ALLLEDGERENTRIES.LIST>
<ALLLEDGERENTRIES.LIST>
<REMOVEZEROENTRIES>No</REMOVEZEROENTRIES>
<ISDEEMEDPOSITIVE>No</ISDEEMEDPOSITIVE>
<LEDGERFROMITEM>No</LEDGERFROMITEM>
<LEDGERNAME>CGST</LEDGERNAME>
<AMOUNT>54.0000000</AMOUNT>
</ALLLEDGERENTRIES.LIST>
<ALLLEDGERENTRIES.LIST>
<REMOVEZEROENTRIES>No</REMOVEZEROENTRIES>
<ISDEEMEDPOSITIVE>No</ISDEEMEDPOSITIVE>
<LEDGERFROMITEM>No</LEDGERFROMITEM>
<LEDGERNAME>SHORT AND EXCESS</LEDGERNAME>
<AMOUNT>-0.060</AMOUNT>
</ALLLEDGERENTRIES.LIST>
</VOUCHER>
<VOUCHER>
<ISOPTIONAL>No</ISOPTIONAL>
<USEFORGAINLOSS>No</USEFORGAINLOSS>
<USEFORCOMPOUND>No</USEFORCOMPOUND>
<VOUCHERTYPENAME>Sales-Import-CFSM</VOUCHERTYPENAME>
<DATE>20191105</DATE>
<EFFECTIVEDATE>20191105</EFFECTIVEDATE>
<ISCANCELLED>No</ISCANCELLED>
<USETRACKINGNUMBER>No</USETRACKINGNUMBER>
<ISPOSTDATED>No</ISPOSTDATED>
<ISINVOICE>No</ISINVOICE>
<DIFFACTUALQTY>No</DIFFACTUALQTY>
<VOUCHERNUMBER>ALSI009260/19-20</VOUCHERNUMBER>
<PARTYLEDGERNAME>SHIVAM WORLDWIDE</PARTYLEDGERNAME>
<STATENAME>Gujarat</STATENAME>
<NARRATION>Being amount debited towards IGM No: 2237437, BL NO: TSVMYPKG19101503, Importer: SHIVAM WORLDWIDE, VOY NO: 885, Vessel: NYK LIBRA, LINER: TRANS ASIAN SHIPPING SERVICES P LTD and containers:  4 X 40, Invoice No: ALSI009260/19-20</NARRATION>
<PARTYGSTIN>24AHJPP4938L1ZT</PARTYGSTIN>
<ALLLEDGERENTRIES.LIST>
<REMOVEZEROENTRIES>No</REMOVEZEROENTRIES>
<ISDEEMEDPOSITIVE>Yes</ISDEEMEDPOSITIVE>
<LEDGERFROMITEM>No</LEDGERFROMITEM>
<LEDGERNAME>SHIVAM WORLDWIDE</LEDGERNAME>
<AMOUNT>-88972.000</AMOUNT>
<BILLALLOCATIONS.LIST>
<NAME>ALSI009260/19-20</NAME>
<BILLTYPE>New Ref</BILLTYPE>
<AMOUNT>-88972.000</AMOUNT>
</BILLALLOCATIONS.LIST>
</ALLLEDGERENTRIES.LIST>
<ALLLEDGERENTRIES.LIST>
<REMOVEZEROENTRIES>No</REMOVEZEROENTRIES>
<ISDEEMEDPOSITIVE>No</ISDEEMEDPOSITIVE>
<LEDGERFROMITEM>No</LEDGERFROMITEM>
<LEDGERNAME>Container Handling Services-Import-GST</LEDGERNAME>
<AMOUNT>28000.000</AMOUNT>
</ALLLEDGERENTRIES.LIST>
<ALLLEDGERENTRIES.LIST>
<REMOVEZEROENTRIES>No</REMOVEZEROENTRIES>
<ISDEEMEDPOSITIVE>No</ISDEEMEDPOSITIVE>
<LEDGERFROMITEM>No</LEDGERFROMITEM>
<LEDGERNAME>IGST</LEDGERNAME>
<AMOUNT>5040.0000000</AMOUNT>
</ALLLEDGERENTRIES.LIST>
<ALLLEDGERENTRIES.LIST>
<REMOVEZEROENTRIES>No</REMOVEZEROENTRIES>
<ISDEEMEDPOSITIVE>No</ISDEEMEDPOSITIVE>
<LEDGERFROMITEM>No</LEDGERFROMITEM>
<LEDGERNAME>Other Storage and Warehousing Services-Import-GST</LEDGERNAME>
<AMOUNT>20400.000</AMOUNT>
</ALLLEDGERENTRIES.LIST>
<ALLLEDGERENTRIES.LIST>
<REMOVEZEROENTRIES>No</REMOVEZEROENTRIES>
<ISDEEMEDPOSITIVE>No</ISDEEMEDPOSITIVE>
<LEDGERFROMITEM>No</LEDGERFROMITEM>
<LEDGERNAME>IGST</LEDGERNAME>
<AMOUNT>3672.0000000</AMOUNT>
</ALLLEDGERENTRIES.LIST>
<ALLLEDGERENTRIES.LIST>
<REMOVEZEROENTRIES>No</REMOVEZEROENTRIES>
<ISDEEMEDPOSITIVE>No</ISDEEMEDPOSITIVE>
<LEDGERFROMITEM>No</LEDGERFROMITEM>
<LEDGERNAME>Container Handling Services-Import-GST</LEDGERNAME>
<AMOUNT>3000.000</AMOUNT>
</ALLLEDGERENTRIES.LIST>
<ALLLEDGERENTRIES.LIST>
<REMOVEZEROENTRIES>No</REMOVEZEROENTRIES>
<ISDEEMEDPOSITIVE>No</ISDEEMEDPOSITIVE>
<LEDGERFROMITEM>No</LEDGERFROMITEM>
<LEDGERNAME>IGST</LEDGERNAME>
<AMOUNT>540.0000000</AMOUNT>
</ALLLEDGERENTRIES.LIST>
<ALLLEDGERENTRIES.LIST>
<REMOVEZEROENTRIES>No</REMOVEZEROENTRIES>
<ISDEEMEDPOSITIVE>No</ISDEEMEDPOSITIVE>
<LEDGERFROMITEM>No</LEDGERFROMITEM>
<LEDGERNAME>Container Handling Services-Import-GST</LEDGERNAME>
<AMOUNT>24000.000</AMOUNT>
</ALLLEDGERENTRIES.LIST>
<ALLLEDGERENTRIES.LIST>
<REMOVEZEROENTRIES>No</REMOVEZEROENTRIES>
<ISDEEMEDPOSITIVE>No</ISDEEMEDPOSITIVE>
<LEDGERFROMITEM>No</LEDGERFROMITEM>
<LEDGERNAME>IGST</LEDGERNAME>
<AMOUNT>4320.0000000</AMOUNT>
</ALLLEDGERENTRIES.LIST>
<ALLLEDGERENTRIES.LIST>
<REMOVEZEROENTRIES>No</REMOVEZEROENTRIES>
<ISDEEMEDPOSITIVE>No</ISDEEMEDPOSITIVE>
<LEDGERFROMITEM>No</LEDGERFROMITEM>
<LEDGERNAME>SHORT AND EXCESS</LEDGERNAME>
<AMOUNT>0.000</AMOUNT>
</ALLLEDGERENTRIES.LIST>
</VOUCHER>
<VOUCHER>
<ISOPTIONAL>No</ISOPTIONAL>
<USEFORGAINLOSS>No</USEFORGAINLOSS>
<USEFORCOMPOUND>No</USEFORCOMPOUND>
<VOUCHERTYPENAME>Sales-Import-CFSM</VOUCHERTYPENAME>
<DATE>20191105</DATE>
<EFFECTIVEDATE>20191105</EFFECTIVEDATE>
<ISCANCELLED>No</ISCANCELLED>
<USETRACKINGNUMBER>No</USETRACKINGNUMBER>
<ISPOSTDATED>No</ISPOSTDATED>
<ISINVOICE>No</ISINVOICE>
<DIFFACTUALQTY>No</DIFFACTUALQTY>
<VOUCHERNUMBER>ALSI009261/19-20</VOUCHERNUMBER>
<PARTYLEDGERNAME>VIVA COSMETICS</PARTYLEDGERNAME>
<STATENAME>Maharashtra</STATENAME>
<NARRATION>Being amount debited towards IGM No: 2238002, BL NO: HLCULE1190943794, Importer: VIVA COSMETICS, VOY NO: 948, Vessel: SM CHARLESTON, LINER: Hapag OffDocTHC-Hapag LLoyd India Pvt. Ltd. and containers:  1 X 20, Invoice No: ALSI009261/19-20</NARRATION>
<PARTYGSTIN>27ABVPT7080R1Z8</PARTYGSTIN>
<ALLLEDGERENTRIES.LIST>
<REMOVEZEROENTRIES>No</REMOVEZEROENTRIES>
<ISDEEMEDPOSITIVE>Yes</ISDEEMEDPOSITIVE>
<LEDGERFROMITEM>No</LEDGERFROMITEM>
<LEDGERNAME>VIVA COSMETICS</LEDGERNAME>
<AMOUNT>-18697.000</AMOUNT>
<BILLALLOCATIONS.LIST>
<NAME>ALSI009261/19-20</NAME>
<BILLTYPE>New Ref</BILLTYPE>
<AMOUNT>-18697.000</AMOUNT>
</BILLALLOCATIONS.LIST>
</ALLLEDGERENTRIES.LIST>
<ALLLEDGERENTRIES.LIST>
<REMOVEZEROENTRIES>No</REMOVEZEROENTRIES>
<ISDEEMEDPOSITIVE>No</ISDEEMEDPOSITIVE>
<LEDGERFROMITEM>No</LEDGERFROMITEM>
<LEDGERNAME>Container Handling Services-Import-GST</LEDGERNAME>
<AMOUNT>7815.000</AMOUNT>
</ALLLEDGERENTRIES.LIST>
<ALLLEDGERENTRIES.LIST>
<REMOVEZEROENTRIES>No</REMOVEZEROENTRIES>
<ISDEEMEDPOSITIVE>No</ISDEEMEDPOSITIVE>
<LEDGERFROMITEM>No</LEDGERFROMITEM>
<LEDGERNAME>CGST</LEDGERNAME>
<AMOUNT>703.3500000</AMOUNT>
</ALLLEDGERENTRIES.LIST>
<ALLLEDGERENTRIES.LIST>
<REMOVEZEROENTRIES>No</REMOVEZEROENTRIES>
<ISDEEMEDPOSITIVE>No</ISDEEMEDPOSITIVE>
<LEDGERFROMITEM>No</LEDGERFROMITEM>
<LEDGERNAME>SGST</LEDGERNAME>
<AMOUNT>703.3500000</AMOUNT>
</ALLLEDGERENTRIES.LIST>
<ALLLEDGERENTRIES.LIST>
<REMOVEZEROENTRIES>No</REMOVEZEROENTRIES>
<ISDEEMEDPOSITIVE>No</ISDEEMEDPOSITIVE>
<LEDGERFROMITEM>No</LEDGERFROMITEM>
<LEDGERNAME>Other Storage and Warehousing Services-Import-GST</LEDGERNAME>
<AMOUNT>4600.000</AMOUNT>
</ALLLEDGERENTRIES.LIST>
<ALLLEDGERENTRIES.LIST>
<REMOVEZEROENTRIES>No</REMOVEZEROENTRIES>
<ISDEEMEDPOSITIVE>No</ISDEEMEDPOSITIVE>
<LEDGERFROMITEM>No</LEDGERFROMITEM>
<LEDGERNAME>SGST</LEDGERNAME>
<AMOUNT>414.0000000</AMOUNT>
</ALLLEDGERENTRIES.LIST>
<ALLLEDGERENTRIES.LIST>
<REMOVEZEROENTRIES>No</REMOVEZEROENTRIES>
<ISDEEMEDPOSITIVE>No</ISDEEMEDPOSITIVE>
<LEDGERFROMITEM>No</LEDGERFROMITEM>
<LEDGERNAME>CGST</LEDGERNAME>
<AMOUNT>414.0000000</AMOUNT>
</ALLLEDGERENTRIES.LIST>
<ALLLEDGERENTRIES.LIST>
<REMOVEZEROENTRIES>No</REMOVEZEROENTRIES>
<ISDEEMEDPOSITIVE>No</ISDEEMEDPOSITIVE>
<LEDGERFROMITEM>No</LEDGERFROMITEM>
<LEDGERNAME>Container Handling Services-Import-GST</LEDGERNAME>
<AMOUNT>1200.000</AMOUNT>
</ALLLEDGERENTRIES.LIST>
<ALLLEDGERENTRIES.LIST>
<REMOVEZEROENTRIES>No</REMOVEZEROENTRIES>
<ISDEEMEDPOSITIVE>No</ISDEEMEDPOSITIVE>
<LEDGERFROMITEM>No</LEDGERFROMITEM>
<LEDGERNAME>CGST</LEDGERNAME>
<AMOUNT>108.0000000</AMOUNT>
</ALLLEDGERENTRIES.LIST>
<ALLLEDGERENTRIES.LIST>
<REMOVEZEROENTRIES>No</REMOVEZEROENTRIES>
<ISDEEMEDPOSITIVE>No</ISDEEMEDPOSITIVE>
<LEDGERFROMITEM>No</LEDGERFROMITEM>
<LEDGERNAME>SGST</LEDGERNAME>
<AMOUNT>108.0000000</AMOUNT>
</ALLLEDGERENTRIES.LIST>
<ALLLEDGERENTRIES.LIST>
<REMOVEZEROENTRIES>No</REMOVEZEROENTRIES>
<ISDEEMEDPOSITIVE>No</ISDEEMEDPOSITIVE>
<LEDGERFROMITEM>No</LEDGERFROMITEM>
<LEDGERNAME>Container Handling Services-Import-GST</LEDGERNAME>
<AMOUNT>30.000</AMOUNT>
</ALLLEDGERENTRIES.LIST>
<ALLLEDGERENTRIES.LIST>
<REMOVEZEROENTRIES>No</REMOVEZEROENTRIES>
<ISDEEMEDPOSITIVE>No</ISDEEMEDPOSITIVE>
<LEDGERFROMITEM>No</LEDGERFROMITEM>
<LEDGERNAME>CGST</LEDGERNAME>
<AMOUNT>2.7000000</AMOUNT>
</ALLLEDGERENTRIES.LIST>
<ALLLEDGERENTRIES.LIST>
<REMOVEZEROENTRIES>No</REMOVEZEROENTRIES>
<ISDEEMEDPOSITIVE>No</ISDEEMEDPOSITIVE>
<LEDGERFROMITEM>No</LEDGERFROMITEM>
<LEDGERNAME>SGST</LEDGERNAME>
<AMOUNT>2.7000000</AMOUNT>
</ALLLEDGERENTRIES.LIST>
<ALLLEDGERENTRIES.LIST>
<REMOVEZEROENTRIES>No</REMOVEZEROENTRIES>
<ISDEEMEDPOSITIVE>No</ISDEEMEDPOSITIVE>
<LEDGERFROMITEM>No</LEDGERFROMITEM>
<LEDGERNAME>Container Handling Services-Import-GST</LEDGERNAME>
<AMOUNT>400.000</AMOUNT>
</ALLLEDGERENTRIES.LIST>
<ALLLEDGERENTRIES.LIST>
<REMOVEZEROENTRIES>No</REMOVEZEROENTRIES>
<ISDEEMEDPOSITIVE>No</ISDEEMEDPOSITIVE>
<LEDGERFROMITEM>No</LEDGERFROMITEM>
<LEDGERNAME>CGST</LEDGERNAME>
<AMOUNT>36.0000000</AMOUNT>
</ALLLEDGERENTRIES.LIST>
<ALLLEDGERENTRIES.LIST>
<REMOVEZEROENTRIES>No</REMOVEZEROENTRIES>
<ISDEEMEDPOSITIVE>No</ISDEEMEDPOSITIVE>
<LEDGERFROMITEM>No</LEDGERFROMITEM>
<LEDGERNAME>SGST</LEDGERNAME>
<AMOUNT>36.0000000</AMOUNT>
</ALLLEDGERENTRIES.LIST>
<ALLLEDGERENTRIES.LIST>
<REMOVEZEROENTRIES>No</REMOVEZEROENTRIES>
<ISDEEMEDPOSITIVE>No</ISDEEMEDPOSITIVE>
<LEDGERFROMITEM>No</LEDGERFROMITEM>
<LEDGERNAME>Container Handling Services-Import-GST</LEDGERNAME>
<AMOUNT>1200.000</AMOUNT>
</ALLLEDGERENTRIES.LIST>
<ALLLEDGERENTRIES.LIST>
<REMOVEZEROENTRIES>No</REMOVEZEROENTRIES>
<ISDEEMEDPOSITIVE>No</ISDEEMEDPOSITIVE>
<LEDGERFROMITEM>No</LEDGERFROMITEM>
<LEDGERNAME>CGST</LEDGERNAME>
<AMOUNT>108.0000000</AMOUNT>
</ALLLEDGERENTRIES.LIST>
<ALLLEDGERENTRIES.LIST>
<REMOVEZEROENTRIES>No</REMOVEZEROENTRIES>
<ISDEEMEDPOSITIVE>No</ISDEEMEDPOSITIVE>
<LEDGERFROMITEM>No</LEDGERFROMITEM>
<LEDGERNAME>SGST</LEDGERNAME>
<AMOUNT>108.0000000</AMOUNT>
</ALLLEDGERENTRIES.LIST>
<ALLLEDGERENTRIES.LIST>
<REMOVEZEROENTRIES>No</REMOVEZEROENTRIES>
<ISDEEMEDPOSITIVE>No</ISDEEMEDPOSITIVE>
<LEDGERFROMITEM>No</LEDGERFROMITEM>
<LEDGERNAME>Container Handling Services-Import-GST</LEDGERNAME>
<AMOUNT>600.000</AMOUNT>
</ALLLEDGERENTRIES.LIST>
<ALLLEDGERENTRIES.LIST>
<REMOVEZEROENTRIES>No</REMOVEZEROENTRIES>
<ISDEEMEDPOSITIVE>No</ISDEEMEDPOSITIVE>
<LEDGERFROMITEM>No</LEDGERFROMITEM>
<LEDGERNAME>CGST</LEDGERNAME>
<AMOUNT>54.0000000</AMOUNT>
</ALLLEDGERENTRIES.LIST>
<ALLLEDGERENTRIES.LIST>
<REMOVEZEROENTRIES>No</REMOVEZEROENTRIES>
<ISDEEMEDPOSITIVE>No</ISDEEMEDPOSITIVE>
<LEDGERFROMITEM>No</LEDGERFROMITEM>
<LEDGERNAME>SGST</LEDGERNAME>
<AMOUNT>54.0000000</AMOUNT>
</ALLLEDGERENTRIES.LIST>
<ALLLEDGERENTRIES.LIST>
<REMOVEZEROENTRIES>No</REMOVEZEROENTRIES>
<ISDEEMEDPOSITIVE>No</ISDEEMEDPOSITIVE>
<LEDGERFROMITEM>No</LEDGERFROMITEM>
<LEDGERNAME>SHORT AND EXCESS</LEDGERNAME>
<AMOUNT>-0.100</AMOUNT>
</ALLLEDGERENTRIES.LIST>
</VOUCHER>
<VOUCHER>
<ISOPTIONAL>No</ISOPTIONAL>
<USEFORGAINLOSS>No</USEFORGAINLOSS>
<USEFORCOMPOUND>No</USEFORCOMPOUND>
<VOUCHERTYPENAME>Sales-Import-CFSM</VOUCHERTYPENAME>
<DATE>20191105</DATE>
<EFFECTIVEDATE>20191105</EFFECTIVEDATE>
<ISCANCELLED>No</ISCANCELLED>
<USETRACKINGNUMBER>No</USETRACKINGNUMBER>
<ISPOSTDATED>No</ISPOSTDATED>
<ISINVOICE>No</ISINVOICE>
<DIFFACTUALQTY>No</DIFFACTUALQTY>
<VOUCHERNUMBER>ALSI009262/19-20</VOUCHERNUMBER>
<PARTYLEDGERNAME>CLEARFAST AIR CARGO AGENCIES PRIVATE LIMITED</PARTYLEDGERNAME>
<STATENAME>Maharashtra</STATENAME>
<NARRATION>Being amount debited towards IGM No: 2237375, BL NO: TAOCB19010279, Importer: SADHANA NITRO CHEM LIMITED, VOY NO: 12E, Vessel: IAN H, LINER: RCL-OffDocTHC and containers:  1 X 40, Invoice No: ALSI009262/19-20</NARRATION>
<PARTYGSTIN>27AAACC7987K1Z1</PARTYGSTIN>
<ALLLEDGERENTRIES.LIST>
<REMOVEZEROENTRIES>No</REMOVEZEROENTRIES>
<ISDEEMEDPOSITIVE>Yes</ISDEEMEDPOSITIVE>
<LEDGERFROMITEM>No</LEDGERFROMITEM>
<LEDGERNAME>CLEARFAST AIR CARGO AGENCIES PRIVATE LIMITED</LEDGERNAME>
<AMOUNT>-39309.000</AMOUNT>
<BILLALLOCATIONS.LIST>
<NAME>ALSI009262/19-20</NAME>
<BILLTYPE>New Ref</BILLTYPE>
<AMOUNT>-39309.000</AMOUNT>
</BILLALLOCATIONS.LIST>
</ALLLEDGERENTRIES.LIST>
<ALLLEDGERENTRIES.LIST>
<REMOVEZEROENTRIES>No</REMOVEZEROENTRIES>
<ISDEEMEDPOSITIVE>No</ISDEEMEDPOSITIVE>
<LEDGERFROMITEM>No</LEDGERFROMITEM>
<LEDGERNAME>Container Handling Services-Import-GST</LEDGERNAME>
<AMOUNT>20500.000</AMOUNT>
</ALLLEDGERENTRIES.LIST>
<ALLLEDGERENTRIES.LIST>
<REMOVEZEROENTRIES>No</REMOVEZEROENTRIES>
<ISDEEMEDPOSITIVE>No</ISDEEMEDPOSITIVE>
<LEDGERFROMITEM>No</LEDGERFROMITEM>
<LEDGERNAME>CGST</LEDGERNAME>
<AMOUNT>1845.0000000</AMOUNT>
</ALLLEDGERENTRIES.LIST>
<ALLLEDGERENTRIES.LIST>
<REMOVEZEROENTRIES>No</REMOVEZEROENTRIES>
<ISDEEMEDPOSITIVE>No</ISDEEMEDPOSITIVE>
<LEDGERFROMITEM>No</LEDGERFROMITEM>
<LEDGERNAME>SGST</LEDGERNAME>
<AMOUNT>1845.0000000</AMOUNT>
</ALLLEDGERENTRIES.LIST>
<ALLLEDGERENTRIES.LIST>
<REMOVEZEROENTRIES>No</REMOVEZEROENTRIES>
<ISDEEMEDPOSITIVE>No</ISDEEMEDPOSITIVE>
<LEDGERFROMITEM>No</LEDGERFROMITEM>
<LEDGERNAME>Container Handling Services-Import-GST</LEDGERNAME>
<AMOUNT>1812.600</AMOUNT>
</ALLLEDGERENTRIES.LIST>
<ALLLEDGERENTRIES.LIST>
<REMOVEZEROENTRIES>No</REMOVEZEROENTRIES>
<ISDEEMEDPOSITIVE>No</ISDEEMEDPOSITIVE>
<LEDGERFROMITEM>No</LEDGERFROMITEM>
<LEDGERNAME>CGST</LEDGERNAME>
<AMOUNT>163.1300000</AMOUNT>
</ALLLEDGERENTRIES.LIST>
<ALLLEDGERENTRIES.LIST>
<REMOVEZEROENTRIES>No</REMOVEZEROENTRIES>
<ISDEEMEDPOSITIVE>No</ISDEEMEDPOSITIVE>
<LEDGERFROMITEM>No</LEDGERFROMITEM>
<LEDGERNAME>SGST</LEDGERNAME>
<AMOUNT>163.1300000</AMOUNT>
</ALLLEDGERENTRIES.LIST>
<ALLLEDGERENTRIES.LIST>
<REMOVEZEROENTRIES>No</REMOVEZEROENTRIES>
<ISDEEMEDPOSITIVE>No</ISDEEMEDPOSITIVE>
<LEDGERFROMITEM>No</LEDGERFROMITEM>
<LEDGERNAME>Container Handling Services-Import-GST</LEDGERNAME>
<AMOUNT>6000.000</AMOUNT>
</ALLLEDGERENTRIES.LIST>
<ALLLEDGERENTRIES.LIST>
<REMOVEZEROENTRIES>No</REMOVEZEROENTRIES>
<ISDEEMEDPOSITIVE>No</ISDEEMEDPOSITIVE>
<LEDGERFROMITEM>No</LEDGERFROMITEM>
<LEDGERNAME>CGST</LEDGERNAME>
<AMOUNT>540.0000000</AMOUNT>
</ALLLEDGERENTRIES.LIST>
<ALLLEDGERENTRIES.LIST>
<REMOVEZEROENTRIES>No</REMOVEZEROENTRIES>
<ISDEEMEDPOSITIVE>No</ISDEEMEDPOSITIVE>
<LEDGERFROMITEM>No</LEDGERFROMITEM>
<LEDGERNAME>SGST</LEDGERNAME>
<AMOUNT>540.0000000</AMOUNT>
</ALLLEDGERENTRIES.LIST>
<ALLLEDGERENTRIES.LIST>
<REMOVEZEROENTRIES>No</REMOVEZEROENTRIES>
<ISDEEMEDPOSITIVE>No</ISDEEMEDPOSITIVE>
<LEDGERFROMITEM>No</LEDGERFROMITEM>
<LEDGERNAME>Container Handling Services-Import-GST</LEDGERNAME>
<AMOUNT>5000.000</AMOUNT>
</ALLLEDGERENTRIES.LIST>
<ALLLEDGERENTRIES.LIST>
<REMOVEZEROENTRIES>No</REMOVEZEROENTRIES>
<ISDEEMEDPOSITIVE>No</ISDEEMEDPOSITIVE>
<LEDGERFROMITEM>No</LEDGERFROMITEM>
<LEDGERNAME>CGST</LEDGERNAME>
<AMOUNT>450.0000000</AMOUNT>
</ALLLEDGERENTRIES.LIST>
<ALLLEDGERENTRIES.LIST>
<REMOVEZEROENTRIES>No</REMOVEZEROENTRIES>
<ISDEEMEDPOSITIVE>No</ISDEEMEDPOSITIVE>
<LEDGERFROMITEM>No</LEDGERFROMITEM>
<LEDGERNAME>SGST</LEDGERNAME>
<AMOUNT>450.0000000</AMOUNT>
</ALLLEDGERENTRIES.LIST>
<ALLLEDGERENTRIES.LIST>
<REMOVEZEROENTRIES>No</REMOVEZEROENTRIES>
<ISDEEMEDPOSITIVE>No</ISDEEMEDPOSITIVE>
<LEDGERFROMITEM>No</LEDGERFROMITEM>
<LEDGERNAME>SHORT AND EXCESS</LEDGERNAME>
<AMOUNT>0.140</AMOUNT>
</ALLLEDGERENTRIES.LIST>
</VOUCHER>
<VOUCHER>
<ISOPTIONAL>No</ISOPTIONAL>
<USEFORGAINLOSS>No</USEFORGAINLOSS>
<USEFORCOMPOUND>No</USEFORCOMPOUND>
<VOUCHERTYPENAME>Sales-Import-CFSM</VOUCHERTYPENAME>
<DATE>20191105</DATE>
<EFFECTIVEDATE>20191105</EFFECTIVEDATE>
<ISCANCELLED>No</ISCANCELLED>
<USETRACKINGNUMBER>No</USETRACKINGNUMBER>
<ISPOSTDATED>No</ISPOSTDATED>
<ISINVOICE>No</ISINVOICE>
<DIFFACTUALQTY>No</DIFFACTUALQTY>
<VOUCHERNUMBER>ALSI009263/19-20</VOUCHERNUMBER>
<PARTYLEDGERNAME>SHUBHADITYA ENTERPRISES</PARTYLEDGERNAME>
<STATENAME>Maharashtra</STATENAME>
<NARRATION>Being amount debited towards IGM No: 2237767, BL NO: 0259605790, Importer: COMPANY:SHUBHADITYA ENTERPRISES, VOY NO: 135, Vessel: ITAL MASSIMA, LINER: WAN HAI LINE and containers:  1 X 20, Invoice No: ALSI009263/19-20</NARRATION>
<PARTYGSTIN>27ALMPR4995E1ZF</PARTYGSTIN>
<ALLLEDGERENTRIES.LIST>
<REMOVEZEROENTRIES>No</REMOVEZEROENTRIES>
<ISDEEMEDPOSITIVE>Yes</ISDEEMEDPOSITIVE>
<LEDGERFROMITEM>No</LEDGERFROMITEM>
<LEDGERNAME>SHUBHADITYA ENTERPRISES</LEDGERNAME>
<AMOUNT>-21553.000</AMOUNT>
<BILLALLOCATIONS.LIST>
<NAME>ALSI009263/19-20</NAME>
<BILLTYPE>New Ref</BILLTYPE>
<AMOUNT>-21553.000</AMOUNT>
</BILLALLOCATIONS.LIST>
</ALLLEDGERENTRIES.LIST>
<ALLLEDGERENTRIES.LIST>
<REMOVEZEROENTRIES>No</REMOVEZEROENTRIES>
<ISDEEMEDPOSITIVE>No</ISDEEMEDPOSITIVE>
<LEDGERFROMITEM>No</LEDGERFROMITEM>
<LEDGERNAME>Container Handling Services-Import-GST</LEDGERNAME>
<AMOUNT>9215.000</AMOUNT>
</ALLLEDGERENTRIES.LIST>
<ALLLEDGERENTRIES.LIST>
<REMOVEZEROENTRIES>No</REMOVEZEROENTRIES>
<ISDEEMEDPOSITIVE>No</ISDEEMEDPOSITIVE>
<LEDGERFROMITEM>No</LEDGERFROMITEM>
<LEDGERNAME>CGST</LEDGERNAME>
<AMOUNT>829.3500000</AMOUNT>
</ALLLEDGERENTRIES.LIST>
<ALLLEDGERENTRIES.LIST>
<REMOVEZEROENTRIES>No</REMOVEZEROENTRIES>
<ISDEEMEDPOSITIVE>No</ISDEEMEDPOSITIVE>
<LEDGERFROMITEM>No</LEDGERFROMITEM>
<LEDGERNAME>SGST</LEDGERNAME>
<AMOUNT>829.3500000</AMOUNT>
</ALLLEDGERENTRIES.LIST>
<ALLLEDGERENTRIES.LIST>
<REMOVEZEROENTRIES>No</REMOVEZEROENTRIES>
<ISDEEMEDPOSITIVE>No</ISDEEMEDPOSITIVE>
<LEDGERFROMITEM>No</LEDGERFROMITEM>
<LEDGERNAME>Other Storage and Warehousing Services-Import-GST</LEDGERNAME>
<AMOUNT>5200.000</AMOUNT>
</ALLLEDGERENTRIES.LIST>
<ALLLEDGERENTRIES.LIST>
<REMOVEZEROENTRIES>No</REMOVEZEROENTRIES>
<ISDEEMEDPOSITIVE>No</ISDEEMEDPOSITIVE>
<LEDGERFROMITEM>No</LEDGERFROMITEM>
<LEDGERNAME>CGST</LEDGERNAME>
<AMOUNT>468.0000000</AMOUNT>
</ALLLEDGERENTRIES.LIST>
<ALLLEDGERENTRIES.LIST>
<REMOVEZEROENTRIES>No</REMOVEZEROENTRIES>
<ISDEEMEDPOSITIVE>No</ISDEEMEDPOSITIVE>
<LEDGERFROMITEM>No</LEDGERFROMITEM>
<LEDGERNAME>SGST</LEDGERNAME>
<AMOUNT>468.0000000</AMOUNT>
</ALLLEDGERENTRIES.LIST>
<ALLLEDGERENTRIES.LIST>
<REMOVEZEROENTRIES>No</REMOVEZEROENTRIES>
<ISDEEMEDPOSITIVE>No</ISDEEMEDPOSITIVE>
<LEDGERFROMITEM>No</LEDGERFROMITEM>
<LEDGERNAME>Container Handling Services-Import-GST</LEDGERNAME>
<AMOUNT>400.400</AMOUNT>
</ALLLEDGERENTRIES.LIST>
<ALLLEDGERENTRIES.LIST>
<REMOVEZEROENTRIES>No</REMOVEZEROENTRIES>
<ISDEEMEDPOSITIVE>No</ISDEEMEDPOSITIVE>
<LEDGERFROMITEM>No</LEDGERFROMITEM>
<LEDGERNAME>CGST</LEDGERNAME>
<AMOUNT>36.0400000</AMOUNT>
</ALLLEDGERENTRIES.LIST>
<ALLLEDGERENTRIES.LIST>
<REMOVEZEROENTRIES>No</REMOVEZEROENTRIES>
<ISDEEMEDPOSITIVE>No</ISDEEMEDPOSITIVE>
<LEDGERFROMITEM>No</LEDGERFROMITEM>
<LEDGERNAME>SGST</LEDGERNAME>
<AMOUNT>36.0400000</AMOUNT>
</ALLLEDGERENTRIES.LIST>
<ALLLEDGERENTRIES.LIST>
<REMOVEZEROENTRIES>No</REMOVEZEROENTRIES>
<ISDEEMEDPOSITIVE>No</ISDEEMEDPOSITIVE>
<LEDGERFROMITEM>No</LEDGERFROMITEM>
<LEDGERNAME>Container Handling Services-Import-GST</LEDGERNAME>
<AMOUNT>1200.000</AMOUNT>
</ALLLEDGERENTRIES.LIST>
<ALLLEDGERENTRIES.LIST>
<REMOVEZEROENTRIES>No</REMOVEZEROENTRIES>
<ISDEEMEDPOSITIVE>No</ISDEEMEDPOSITIVE>
<LEDGERFROMITEM>No</LEDGERFROMITEM>
<LEDGERNAME>CGST</LEDGERNAME>
<AMOUNT>108.0000000</AMOUNT>
</ALLLEDGERENTRIES.LIST>
<ALLLEDGERENTRIES.LIST>
<REMOVEZEROENTRIES>No</REMOVEZEROENTRIES>
<ISDEEMEDPOSITIVE>No</ISDEEMEDPOSITIVE>
<LEDGERFROMITEM>No</LEDGERFROMITEM>
<LEDGERNAME>SGST</LEDGERNAME>
<AMOUNT>108.0000000</AMOUNT>
</ALLLEDGERENTRIES.LIST>
<ALLLEDGERENTRIES.LIST>
<REMOVEZEROENTRIES>No</REMOVEZEROENTRIES>
<ISDEEMEDPOSITIVE>No</ISDEEMEDPOSITIVE>
<LEDGERFROMITEM>No</LEDGERFROMITEM>
<LEDGERNAME>Container Handling Services-Import-GST</LEDGERNAME>
<AMOUNT>50.000</AMOUNT>
</ALLLEDGERENTRIES.LIST>
<ALLLEDGERENTRIES.LIST>
<REMOVEZEROENTRIES>No</REMOVEZEROENTRIES>
<ISDEEMEDPOSITIVE>No</ISDEEMEDPOSITIVE>
<LEDGERFROMITEM>No</LEDGERFROMITEM>
<LEDGERNAME>CGST</LEDGERNAME>
<AMOUNT>4.5000000</AMOUNT>
</ALLLEDGERENTRIES.LIST>
<ALLLEDGERENTRIES.LIST>
<REMOVEZEROENTRIES>No</REMOVEZEROENTRIES>
<ISDEEMEDPOSITIVE>No</ISDEEMEDPOSITIVE>
<LEDGERFROMITEM>No</LEDGERFROMITEM>
<LEDGERNAME>SGST</LEDGERNAME>
<AMOUNT>4.5000000</AMOUNT>
</ALLLEDGERENTRIES.LIST>
<ALLLEDGERENTRIES.LIST>
<REMOVEZEROENTRIES>No</REMOVEZEROENTRIES>
<ISDEEMEDPOSITIVE>No</ISDEEMEDPOSITIVE>
<LEDGERFROMITEM>No</LEDGERFROMITEM>
<LEDGERNAME>Container Handling Services-Import-GST</LEDGERNAME>
<AMOUNT>400.000</AMOUNT>
</ALLLEDGERENTRIES.LIST>
<ALLLEDGERENTRIES.LIST>
<REMOVEZEROENTRIES>No</REMOVEZEROENTRIES>
<ISDEEMEDPOSITIVE>No</ISDEEMEDPOSITIVE>
<LEDGERFROMITEM>No</LEDGERFROMITEM>
<LEDGERNAME>SGST</LEDGERNAME>
<AMOUNT>36.0000000</AMOUNT>
</ALLLEDGERENTRIES.LIST>
<ALLLEDGERENTRIES.LIST>
<REMOVEZEROENTRIES>No</REMOVEZEROENTRIES>
<ISDEEMEDPOSITIVE>No</ISDEEMEDPOSITIVE>
<LEDGERFROMITEM>No</LEDGERFROMITEM>
<LEDGERNAME>CGST</LEDGERNAME>
<AMOUNT>36.0000000</AMOUNT>
</ALLLEDGERENTRIES.LIST>
<ALLLEDGERENTRIES.LIST>
<REMOVEZEROENTRIES>No</REMOVEZEROENTRIES>
<ISDEEMEDPOSITIVE>No</ISDEEMEDPOSITIVE>
<LEDGERFROMITEM>No</LEDGERFROMITEM>
<LEDGERNAME>Container Handling Services-Import-GST</LEDGERNAME>
<AMOUNT>1200.000</AMOUNT>
</ALLLEDGERENTRIES.LIST>
<ALLLEDGERENTRIES.LIST>
<REMOVEZEROENTRIES>No</REMOVEZEROENTRIES>
<ISDEEMEDPOSITIVE>No</ISDEEMEDPOSITIVE>
<LEDGERFROMITEM>No</LEDGERFROMITEM>
<LEDGERNAME>CGST</LEDGERNAME>
<AMOUNT>108.0000000</AMOUNT>
</ALLLEDGERENTRIES.LIST>
<ALLLEDGERENTRIES.LIST>
<REMOVEZEROENTRIES>No</REMOVEZEROENTRIES>
<ISDEEMEDPOSITIVE>No</ISDEEMEDPOSITIVE>
<LEDGERFROMITEM>No</LEDGERFROMITEM>
<LEDGERNAME>SGST</LEDGERNAME>
<AMOUNT>108.0000000</AMOUNT>
</ALLLEDGERENTRIES.LIST>
<ALLLEDGERENTRIES.LIST>
<REMOVEZEROENTRIES>No</REMOVEZEROENTRIES>
<ISDEEMEDPOSITIVE>No</ISDEEMEDPOSITIVE>
<LEDGERFROMITEM>No</LEDGERFROMITEM>
<LEDGERNAME>Container Handling Services-Import-GST</LEDGERNAME>
<AMOUNT>600.000</AMOUNT>
</ALLLEDGERENTRIES.LIST>
<ALLLEDGERENTRIES.LIST>
<REMOVEZEROENTRIES>No</REMOVEZEROENTRIES>
<ISDEEMEDPOSITIVE>No</ISDEEMEDPOSITIVE>
<LEDGERFROMITEM>No</LEDGERFROMITEM>
<LEDGERNAME>CGST</LEDGERNAME>
<AMOUNT>54.0000000</AMOUNT>
</ALLLEDGERENTRIES.LIST>
<ALLLEDGERENTRIES.LIST>
<REMOVEZEROENTRIES>No</REMOVEZEROENTRIES>
<ISDEEMEDPOSITIVE>No</ISDEEMEDPOSITIVE>
<LEDGERFROMITEM>No</LEDGERFROMITEM>
<LEDGERNAME>SGST</LEDGERNAME>
<AMOUNT>54.0000000</AMOUNT>
</ALLLEDGERENTRIES.LIST>
<ALLLEDGERENTRIES.LIST>
<REMOVEZEROENTRIES>No</REMOVEZEROENTRIES>
<ISDEEMEDPOSITIVE>No</ISDEEMEDPOSITIVE>
<LEDGERFROMITEM>No</LEDGERFROMITEM>
<LEDGERNAME>SHORT AND EXCESS</LEDGERNAME>
<AMOUNT>-0.180</AMOUNT>
</ALLLEDGERENTRIES.LIST>
</VOUCHER>
<VOUCHER>
<ISOPTIONAL>No</ISOPTIONAL>
<USEFORGAINLOSS>No</USEFORGAINLOSS>
<USEFORCOMPOUND>No</USEFORCOMPOUND>
<VOUCHERTYPENAME>Sales-Import-CFSM</VOUCHERTYPENAME>
<DATE>20191105</DATE>
<EFFECTIVEDATE>20191105</EFFECTIVEDATE>
<ISCANCELLED>No</ISCANCELLED>
<USETRACKINGNUMBER>No</USETRACKINGNUMBER>
<ISPOSTDATED>No</ISPOSTDATED>
<ISINVOICE>No</ISINVOICE>
<DIFFACTUALQTY>No</DIFFACTUALQTY>
<VOUCHERNUMBER>ALSI009264/19-20</VOUCHERNUMBER>
<PARTYLEDGERNAME>CLEARFAST AIR CARGO AGENCIES PRIVATE LIMITED</PARTYLEDGERNAME>
<STATENAME>Maharashtra</STATENAME>
<NARRATION>Being amount debited towards IGM No: 2237766, BL NO: EGLV091930506981, Importer: SEALED AIR PACKAGING MATERIALS, VOY NO: 888, Vessel: SHIMIN, LINER: EVERGREEN SHIPPING AGENCY (INDIA) PVT.LTD. and containers:  1 X 20, Invoice No: ALSI009264/19-20</NARRATION>
<PARTYGSTIN>27AAACC7987K1Z1</PARTYGSTIN>
<ALLLEDGERENTRIES.LIST>
<REMOVEZEROENTRIES>No</REMOVEZEROENTRIES>
<ISDEEMEDPOSITIVE>Yes</ISDEEMEDPOSITIVE>
<LEDGERFROMITEM>No</LEDGERFROMITEM>
<LEDGERNAME>CLEARFAST AIR CARGO AGENCIES PRIVATE LIMITED</LEDGERNAME>
<AMOUNT>-20650.000</AMOUNT>
<BILLALLOCATIONS.LIST>
<NAME>ALSI009264/19-20</NAME>
<BILLTYPE>New Ref</BILLTYPE>
<AMOUNT>-20650.000</AMOUNT>
</BILLALLOCATIONS.LIST>
</ALLLEDGERENTRIES.LIST>
<ALLLEDGERENTRIES.LIST>
<REMOVEZEROENTRIES>No</REMOVEZEROENTRIES>
<ISDEEMEDPOSITIVE>No</ISDEEMEDPOSITIVE>
<LEDGERFROMITEM>No</LEDGERFROMITEM>
<LEDGERNAME>Container Handling Services-Import-GST</LEDGERNAME>
<AMOUNT>12500.000</AMOUNT>
</ALLLEDGERENTRIES.LIST>
<ALLLEDGERENTRIES.LIST>
<REMOVEZEROENTRIES>No</REMOVEZEROENTRIES>
<ISDEEMEDPOSITIVE>No</ISDEEMEDPOSITIVE>
<LEDGERFROMITEM>No</LEDGERFROMITEM>
<LEDGERNAME>CGST</LEDGERNAME>
<AMOUNT>1125.0000000</AMOUNT>
</ALLLEDGERENTRIES.LIST>
<ALLLEDGERENTRIES.LIST>
<REMOVEZEROENTRIES>No</REMOVEZEROENTRIES>
<ISDEEMEDPOSITIVE>No</ISDEEMEDPOSITIVE>
<LEDGERFROMITEM>No</LEDGERFROMITEM>
<LEDGERNAME>SGST</LEDGERNAME>
<AMOUNT>1125.0000000</AMOUNT>
</ALLLEDGERENTRIES.LIST>
<ALLLEDGERENTRIES.LIST>
<REMOVEZEROENTRIES>No</REMOVEZEROENTRIES>
<ISDEEMEDPOSITIVE>No</ISDEEMEDPOSITIVE>
<LEDGERFROMITEM>No</LEDGERFROMITEM>
<LEDGERNAME>Container Handling Services-Import-GST</LEDGERNAME>
<AMOUNT>5000.000</AMOUNT>
</ALLLEDGERENTRIES.LIST>
<ALLLEDGERENTRIES.LIST>
<REMOVEZEROENTRIES>No</REMOVEZEROENTRIES>
<ISDEEMEDPOSITIVE>No</ISDEEMEDPOSITIVE>
<LEDGERFROMITEM>No</LEDGERFROMITEM>
<LEDGERNAME>CGST</LEDGERNAME>
<AMOUNT>450.0000000</AMOUNT>
</ALLLEDGERENTRIES.LIST>
<ALLLEDGERENTRIES.LIST>
<REMOVEZEROENTRIES>No</REMOVEZEROENTRIES>
<ISDEEMEDPOSITIVE>No</ISDEEMEDPOSITIVE>
<LEDGERFROMITEM>No</LEDGERFROMITEM>
<LEDGERNAME>SGST</LEDGERNAME>
<AMOUNT>450.0000000</AMOUNT>
</ALLLEDGERENTRIES.LIST>
<ALLLEDGERENTRIES.LIST>
<REMOVEZEROENTRIES>No</REMOVEZEROENTRIES>
<ISDEEMEDPOSITIVE>No</ISDEEMEDPOSITIVE>
<LEDGERFROMITEM>No</LEDGERFROMITEM>
<LEDGERNAME>SHORT AND EXCESS</LEDGERNAME>
<AMOUNT>0.000</AMOUNT>
</ALLLEDGERENTRIES.LIST>
</VOUCHER>
<VOUCHER>
<ISOPTIONAL>No</ISOPTIONAL>
<USEFORGAINLOSS>No</USEFORGAINLOSS>
<USEFORCOMPOUND>No</USEFORCOMPOUND>
<VOUCHERTYPENAME>Sales-Import-CFSM</VOUCHERTYPENAME>
<DATE>20191105</DATE>
<EFFECTIVEDATE>20191105</EFFECTIVEDATE>
<ISCANCELLED>No</ISCANCELLED>
<USETRACKINGNUMBER>No</USETRACKINGNUMBER>
<ISPOSTDATED>No</ISPOSTDATED>
<ISINVOICE>No</ISINVOICE>
<DIFFACTUALQTY>No</DIFFACTUALQTY>
<VOUCHERNUMBER>ALSI009265/19-20</VOUCHERNUMBER>
<PARTYLEDGERNAME>CLEARFAST AIR CARGO AGENCIES PRIVATE LIMITED</PARTYLEDGERNAME>
<STATENAME>Maharashtra</STATENAME>
<NARRATION>Being amount debited towards IGM No: 2238114, BL NO: GOSUSNH8228592, Importer: MULTICHEM SPECIALITIES PVT, VOY NO: 923, Vessel: ZIM NEWYORK, LINER: STAR SHIPPING SERVICES INDIA P LTD and containers:  1 X 20, Invoice No: ALSI009265/19-20</NARRATION>
<PARTYGSTIN>27AAACC7987K1Z1</PARTYGSTIN>
<ALLLEDGERENTRIES.LIST>
<REMOVEZEROENTRIES>No</REMOVEZEROENTRIES>
<ISDEEMEDPOSITIVE>Yes</ISDEEMEDPOSITIVE>
<LEDGERFROMITEM>No</LEDGERFROMITEM>
<LEDGERNAME>CLEARFAST AIR CARGO AGENCIES PRIVATE LIMITED</LEDGERNAME>
<AMOUNT>-13570.000</AMOUNT>
<BILLALLOCATIONS.LIST>
<NAME>ALSI009265/19-20</NAME>
<BILLTYPE>New Ref</BILLTYPE>
<AMOUNT>-13570.000</AMOUNT>
</BILLALLOCATIONS.LIST>
</ALLLEDGERENTRIES.LIST>
<ALLLEDGERENTRIES.LIST>
<REMOVEZEROENTRIES>No</REMOVEZEROENTRIES>
<ISDEEMEDPOSITIVE>No</ISDEEMEDPOSITIVE>
<LEDGERFROMITEM>No</LEDGERFROMITEM>
<LEDGERNAME>Container Handling Services-Import-GST</LEDGERNAME>
<AMOUNT>11500.000</AMOUNT>
</ALLLEDGERENTRIES.LIST>
<ALLLEDGERENTRIES.LIST>
<REMOVEZEROENTRIES>No</REMOVEZEROENTRIES>
<ISDEEMEDPOSITIVE>No</ISDEEMEDPOSITIVE>
<LEDGERFROMITEM>No</LEDGERFROMITEM>
<LEDGERNAME>CGST</LEDGERNAME>
<AMOUNT>1035.0000000</AMOUNT>
</ALLLEDGERENTRIES.LIST>
<ALLLEDGERENTRIES.LIST>
<REMOVEZEROENTRIES>No</REMOVEZEROENTRIES>
<ISDEEMEDPOSITIVE>No</ISDEEMEDPOSITIVE>
<LEDGERFROMITEM>No</LEDGERFROMITEM>
<LEDGERNAME>SGST</LEDGERNAME>
<AMOUNT>1035.0000000</AMOUNT>
</ALLLEDGERENTRIES.LIST>
<ALLLEDGERENTRIES.LIST>
<REMOVEZEROENTRIES>No</REMOVEZEROENTRIES>
<ISDEEMEDPOSITIVE>No</ISDEEMEDPOSITIVE>
<LEDGERFROMITEM>No</LEDGERFROMITEM>
<LEDGERNAME>SHORT AND EXCESS</LEDGERNAME>
<AMOUNT>0.000</AMOUNT>
</ALLLEDGERENTRIES.LIST>
</VOUCHER>
<VOUCHER>
<ISOPTIONAL>No</ISOPTIONAL>
<USEFORGAINLOSS>No</USEFORGAINLOSS>
<USEFORCOMPOUND>No</USEFORCOMPOUND>
<VOUCHERTYPENAME>Sales-Import-CFSM</VOUCHERTYPENAME>
<DATE>20191105</DATE>
<EFFECTIVEDATE>20191105</EFFECTIVEDATE>
<ISCANCELLED>No</ISCANCELLED>
<USETRACKINGNUMBER>No</USETRACKINGNUMBER>
<ISPOSTDATED>No</ISPOSTDATED>
<ISINVOICE>No</ISINVOICE>
<DIFFACTUALQTY>No</DIFFACTUALQTY>
<VOUCHERNUMBER>ALSI009266/19-20</VOUCHERNUMBER>
<PARTYLEDGERNAME>GULF POLYMERS</PARTYLEDGERNAME>
<STATENAME>Delhi</STATENAME>
<NARRATION>Being amount debited towards IGM No: 2237569, BL NO: HDMUNXAY2634891, Importer: GULF POLYMERS, VOY NO: 119, Vessel: HYUNDAI BUSAN, LINER: HYUNDAI MERCHANT MARINE INDIA PRIVATE LIMITED and containers:  1 X 40, Invoice No: ALSI009266/19-20</NARRATION>
<PARTYGSTIN>07BBYPK3857M1ZO</PARTYGSTIN>
<ALLLEDGERENTRIES.LIST>
<REMOVEZEROENTRIES>No</REMOVEZEROENTRIES>
<ISDEEMEDPOSITIVE>Yes</ISDEEMEDPOSITIVE>
<LEDGERFROMITEM>No</LEDGERFROMITEM>
<LEDGERNAME>GULF POLYMERS</LEDGERNAME>
<AMOUNT>-17464.000</AMOUNT>
<BILLALLOCATIONS.LIST>
<NAME>ALSI009266/19-20</NAME>
<BILLTYPE>New Ref</BILLTYPE>
<AMOUNT>-17464.000</AMOUNT>
</BILLALLOCATIONS.LIST>
</ALLLEDGERENTRIES.LIST>
<ALLLEDGERENTRIES.LIST>
<REMOVEZEROENTRIES>No</REMOVEZEROENTRIES>
<ISDEEMEDPOSITIVE>No</ISDEEMEDPOSITIVE>
<LEDGERFROMITEM>No</LEDGERFROMITEM>
<LEDGERNAME>Container Handling Services-Import-GST</LEDGERNAME>
<AMOUNT>13500.000</AMOUNT>
</ALLLEDGERENTRIES.LIST>
<ALLLEDGERENTRIES.LIST>
<REMOVEZEROENTRIES>No</REMOVEZEROENTRIES>
<ISDEEMEDPOSITIVE>No</ISDEEMEDPOSITIVE>
<LEDGERFROMITEM>No</LEDGERFROMITEM>
<LEDGERNAME>IGST</LEDGERNAME>
<AMOUNT>2430.0000000</AMOUNT>
</ALLLEDGERENTRIES.LIST>
<ALLLEDGERENTRIES.LIST>
<REMOVEZEROENTRIES>No</REMOVEZEROENTRIES>
<ISDEEMEDPOSITIVE>No</ISDEEMEDPOSITIVE>
<LEDGERFROMITEM>No</LEDGERFROMITEM>
<LEDGERNAME>Other Storage and Warehousing Services-Import-GST</LEDGERNAME>
<AMOUNT>1300.000</AMOUNT>
</ALLLEDGERENTRIES.LIST>
<ALLLEDGERENTRIES.LIST>
<REMOVEZEROENTRIES>No</REMOVEZEROENTRIES>
<ISDEEMEDPOSITIVE>No</ISDEEMEDPOSITIVE>
<LEDGERFROMITEM>No</LEDGERFROMITEM>
<LEDGERNAME>IGST</LEDGERNAME>
<AMOUNT>234.0000000</AMOUNT>
</ALLLEDGERENTRIES.LIST>
<ALLLEDGERENTRIES.LIST>
<REMOVEZEROENTRIES>No</REMOVEZEROENTRIES>
<ISDEEMEDPOSITIVE>No</ISDEEMEDPOSITIVE>
<LEDGERFROMITEM>No</LEDGERFROMITEM>
<LEDGERNAME>SHORT AND EXCESS</LEDGERNAME>
<AMOUNT>0.000</AMOUNT>
</ALLLEDGERENTRIES.LIST>
</VOUCHER>
<VOUCHER>
<ISOPTIONAL>No</ISOPTIONAL>
<USEFORGAINLOSS>No</USEFORGAINLOSS>
<USEFORCOMPOUND>No</USEFORCOMPOUND>
<VOUCHERTYPENAME>Sales-Import-CFSM</VOUCHERTYPENAME>
<DATE>20191105</DATE>
<EFFECTIVEDATE>20191105</EFFECTIVEDATE>
<ISCANCELLED>No</ISCANCELLED>
<USETRACKINGNUMBER>No</USETRACKINGNUMBER>
<ISPOSTDATED>No</ISPOSTDATED>
<ISINVOICE>No</ISINVOICE>
<DIFFACTUALQTY>No</DIFFACTUALQTY>
<VOUCHERNUMBER>ALSI009267/19-20</VOUCHERNUMBER>
<PARTYLEDGERNAME>N S EXPORT</PARTYLEDGERNAME>
<STATENAME>Maharashtra</STATENAME>
<NARRATION>Being amount debited towards IGM No: 2237794, BL NO: A569A66941, Importer: NS EXPORTS, VOY NO: 049, Vessel: WAN HAI 517, LINER: INTERASIA OffDocTHC SHIPPING LINES INDIA PVT LTD and containers:  1 X 20, Invoice No: ALSI009267/19-20</NARRATION>
<PARTYGSTIN>27AUBPS8994A1Z8</PARTYGSTIN>
<ALLLEDGERENTRIES.LIST>
<REMOVEZEROENTRIES>No</REMOVEZEROENTRIES>
<ISDEEMEDPOSITIVE>Yes</ISDEEMEDPOSITIVE>
<LEDGERFROMITEM>No</LEDGERFROMITEM>
<LEDGERNAME>N S EXPORT</LEDGERNAME>
<AMOUNT>-15458.000</AMOUNT>
<BILLALLOCATIONS.LIST>
<NAME>ALSI009267/19-20</NAME>
<BILLTYPE>New Ref</BILLTYPE>
<AMOUNT>-15458.000</AMOUNT>
</BILLALLOCATIONS.LIST>
</ALLLEDGERENTRIES.LIST>
<ALLLEDGERENTRIES.LIST>
<REMOVEZEROENTRIES>No</REMOVEZEROENTRIES>
<ISDEEMEDPOSITIVE>No</ISDEEMEDPOSITIVE>
<LEDGERFROMITEM>No</LEDGERFROMITEM>
<LEDGERNAME>Container Handling Services-Import-GST</LEDGERNAME>
<AMOUNT>9100.000</AMOUNT>
</ALLLEDGERENTRIES.LIST>
<ALLLEDGERENTRIES.LIST>
<REMOVEZEROENTRIES>No</REMOVEZEROENTRIES>
<ISDEEMEDPOSITIVE>No</ISDEEMEDPOSITIVE>
<LEDGERFROMITEM>No</LEDGERFROMITEM>
<LEDGERNAME>CGST</LEDGERNAME>
<AMOUNT>819.0000000</AMOUNT>
</ALLLEDGERENTRIES.LIST>
<ALLLEDGERENTRIES.LIST>
<REMOVEZEROENTRIES>No</REMOVEZEROENTRIES>
<ISDEEMEDPOSITIVE>No</ISDEEMEDPOSITIVE>
<LEDGERFROMITEM>No</LEDGERFROMITEM>
<LEDGERNAME>SGST</LEDGERNAME>
<AMOUNT>819.0000000</AMOUNT>
</ALLLEDGERENTRIES.LIST>
<ALLLEDGERENTRIES.LIST>
<REMOVEZEROENTRIES>No</REMOVEZEROENTRIES>
<ISDEEMEDPOSITIVE>No</ISDEEMEDPOSITIVE>
<LEDGERFROMITEM>No</LEDGERFROMITEM>
<LEDGERNAME>Container Handling Services-Import-GST</LEDGERNAME>
<AMOUNT>3000.000</AMOUNT>
</ALLLEDGERENTRIES.LIST>
<ALLLEDGERENTRIES.LIST>
<REMOVEZEROENTRIES>No</REMOVEZEROENTRIES>
<ISDEEMEDPOSITIVE>No</ISDEEMEDPOSITIVE>
<LEDGERFROMITEM>No</LEDGERFROMITEM>
<LEDGERNAME>CGST</LEDGERNAME>
<AMOUNT>270.0000000</AMOUNT>
</ALLLEDGERENTRIES.LIST>
<ALLLEDGERENTRIES.LIST>
<REMOVEZEROENTRIES>No</REMOVEZEROENTRIES>
<ISDEEMEDPOSITIVE>No</ISDEEMEDPOSITIVE>
<LEDGERFROMITEM>No</LEDGERFROMITEM>
<LEDGERNAME>SGST</LEDGERNAME>
<AMOUNT>270.0000000</AMOUNT>
</ALLLEDGERENTRIES.LIST>
<ALLLEDGERENTRIES.LIST>
<REMOVEZEROENTRIES>No</REMOVEZEROENTRIES>
<ISDEEMEDPOSITIVE>No</ISDEEMEDPOSITIVE>
<LEDGERFROMITEM>No</LEDGERFROMITEM>
<LEDGERNAME>Container Handling Services-Import-GST</LEDGERNAME>
<AMOUNT>1000.000</AMOUNT>
</ALLLEDGERENTRIES.LIST>
<ALLLEDGERENTRIES.LIST>
<REMOVEZEROENTRIES>No</REMOVEZEROENTRIES>
<ISDEEMEDPOSITIVE>No</ISDEEMEDPOSITIVE>
<LEDGERFROMITEM>No</LEDGERFROMITEM>
<LEDGERNAME>CGST</LEDGERNAME>
<AMOUNT>90.0000000</AMOUNT>
</ALLLEDGERENTRIES.LIST>
<ALLLEDGERENTRIES.LIST>
<REMOVEZEROENTRIES>No</REMOVEZEROENTRIES>
<ISDEEMEDPOSITIVE>No</ISDEEMEDPOSITIVE>
<LEDGERFROMITEM>No</LEDGERFROMITEM>
<LEDGERNAME>SGST</LEDGERNAME>
<AMOUNT>90.0000000</AMOUNT>
</ALLLEDGERENTRIES.LIST>
<ALLLEDGERENTRIES.LIST>
<REMOVEZEROENTRIES>No</REMOVEZEROENTRIES>
<ISDEEMEDPOSITIVE>No</ISDEEMEDPOSITIVE>
<LEDGERFROMITEM>No</LEDGERFROMITEM>
<LEDGERNAME>SHORT AND EXCESS</LEDGERNAME>
<AMOUNT>0.000</AMOUNT>
</ALLLEDGERENTRIES.LIST>
</VOUCHER>
<VOUCHER>
<ISOPTIONAL>No</ISOPTIONAL>
<USEFORGAINLOSS>No</USEFORGAINLOSS>
<USEFORCOMPOUND>No</USEFORCOMPOUND>
<VOUCHERTYPENAME>Sales-Import-CFSM</VOUCHERTYPENAME>
<DATE>20191105</DATE>
<EFFECTIVEDATE>20191105</EFFECTIVEDATE>
<ISCANCELLED>No</ISCANCELLED>
<USETRACKINGNUMBER>No</USETRACKINGNUMBER>
<ISPOSTDATED>No</ISPOSTDATED>
<ISINVOICE>No</ISINVOICE>
<DIFFACTUALQTY>No</DIFFACTUALQTY>
<VOUCHERNUMBER>ALSI009269/19-20</VOUCHERNUMBER>
<PARTYLEDGERNAME>DHARA LIFESCIENCE PRIVATE LIMITED</PARTYLEDGERNAME>
<STATENAME>Gujarat</STATENAME>
<NARRATION>Being amount debited towards IGM No: 2236804, BL NO: 0089A56726, Importer: DHARA LIFESCIENCE PVT LTD., VOY NO: 195, Vessel: WAN HAI 501, LINER: WAN HAI LINE and containers:  1 X 20, Invoice No: ALSI009269/19-20</NARRATION>
<PARTYGSTIN>24AACCD5946R1Z3</PARTYGSTIN>
<ALLLEDGERENTRIES.LIST>
<REMOVEZEROENTRIES>No</REMOVEZEROENTRIES>
<ISDEEMEDPOSITIVE>Yes</ISDEEMEDPOSITIVE>
<LEDGERFROMITEM>No</LEDGERFROMITEM>
<LEDGERNAME>DHARA LIFESCIENCE PRIVATE LIMITED</LEDGERNAME>
<AMOUNT>-34315.000</AMOUNT>
<BILLALLOCATIONS.LIST>
<NAME>ALSI009269/19-20</NAME>
<BILLTYPE>New Ref</BILLTYPE>
<AMOUNT>-34315.000</AMOUNT>
</BILLALLOCATIONS.LIST>
</ALLLEDGERENTRIES.LIST>
<ALLLEDGERENTRIES.LIST>
<REMOVEZEROENTRIES>No</REMOVEZEROENTRIES>
<ISDEEMEDPOSITIVE>No</ISDEEMEDPOSITIVE>
<LEDGERFROMITEM>No</LEDGERFROMITEM>
<LEDGERNAME>Container Handling Services-Import-GST</LEDGERNAME>
<AMOUNT>9215.000</AMOUNT>
</ALLLEDGERENTRIES.LIST>
<ALLLEDGERENTRIES.LIST>
<REMOVEZEROENTRIES>No</REMOVEZEROENTRIES>
<ISDEEMEDPOSITIVE>No</ISDEEMEDPOSITIVE>
<LEDGERFROMITEM>No</LEDGERFROMITEM>
<LEDGERNAME>IGST</LEDGERNAME>
<AMOUNT>1658.7000000</AMOUNT>
</ALLLEDGERENTRIES.LIST>
<ALLLEDGERENTRIES.LIST>
<REMOVEZEROENTRIES>No</REMOVEZEROENTRIES>
<ISDEEMEDPOSITIVE>No</ISDEEMEDPOSITIVE>
<LEDGERFROMITEM>No</LEDGERFROMITEM>
<LEDGERNAME>Other Storage and Warehousing Services-Import-GST</LEDGERNAME>
<AMOUNT>15450.000</AMOUNT>
</ALLLEDGERENTRIES.LIST>
<ALLLEDGERENTRIES.LIST>
<REMOVEZEROENTRIES>No</REMOVEZEROENTRIES>
<ISDEEMEDPOSITIVE>No</ISDEEMEDPOSITIVE>
<LEDGERFROMITEM>No</LEDGERFROMITEM>
<LEDGERNAME>IGST</LEDGERNAME>
<AMOUNT>2781.0000000</AMOUNT>
</ALLLEDGERENTRIES.LIST>
<ALLLEDGERENTRIES.LIST>
<REMOVEZEROENTRIES>No</REMOVEZEROENTRIES>
<ISDEEMEDPOSITIVE>No</ISDEEMEDPOSITIVE>
<LEDGERFROMITEM>No</LEDGERFROMITEM>
<LEDGERNAME>Container Handling Services-Import-GST</LEDGERNAME>
<AMOUNT>965.800</AMOUNT>
</ALLLEDGERENTRIES.LIST>
<ALLLEDGERENTRIES.LIST>
<REMOVEZEROENTRIES>No</REMOVEZEROENTRIES>
<ISDEEMEDPOSITIVE>No</ISDEEMEDPOSITIVE>
<LEDGERFROMITEM>No</LEDGERFROMITEM>
<LEDGERNAME>IGST</LEDGERNAME>
<AMOUNT>173.8400000</AMOUNT>
</ALLLEDGERENTRIES.LIST>
<ALLLEDGERENTRIES.LIST>
<REMOVEZEROENTRIES>No</REMOVEZEROENTRIES>
<ISDEEMEDPOSITIVE>No</ISDEEMEDPOSITIVE>
<LEDGERFROMITEM>No</LEDGERFROMITEM>
<LEDGERNAME>Container Handling Services-Import-GST</LEDGERNAME>
<AMOUNT>1200.000</AMOUNT>
</ALLLEDGERENTRIES.LIST>
<ALLLEDGERENTRIES.LIST>
<REMOVEZEROENTRIES>No</REMOVEZEROENTRIES>
<ISDEEMEDPOSITIVE>No</ISDEEMEDPOSITIVE>
<LEDGERFROMITEM>No</LEDGERFROMITEM>
<LEDGERNAME>IGST</LEDGERNAME>
<AMOUNT>216.0000000</AMOUNT>
</ALLLEDGERENTRIES.LIST>
<ALLLEDGERENTRIES.LIST>
<REMOVEZEROENTRIES>No</REMOVEZEROENTRIES>
<ISDEEMEDPOSITIVE>No</ISDEEMEDPOSITIVE>
<LEDGERFROMITEM>No</LEDGERFROMITEM>
<LEDGERNAME>Container Handling Services-Import-GST</LEDGERNAME>
<AMOUNT>50.000</AMOUNT>
</ALLLEDGERENTRIES.LIST>
<ALLLEDGERENTRIES.LIST>
<REMOVEZEROENTRIES>No</REMOVEZEROENTRIES>
<ISDEEMEDPOSITIVE>No</ISDEEMEDPOSITIVE>
<LEDGERFROMITEM>No</LEDGERFROMITEM>
<LEDGERNAME>IGST</LEDGERNAME>
<AMOUNT>9.0000000</AMOUNT>
</ALLLEDGERENTRIES.LIST>
<ALLLEDGERENTRIES.LIST>
<REMOVEZEROENTRIES>No</REMOVEZEROENTRIES>
<ISDEEMEDPOSITIVE>No</ISDEEMEDPOSITIVE>
<LEDGERFROMITEM>No</LEDGERFROMITEM>
<LEDGERNAME>Container Handling Services-Import-GST</LEDGERNAME>
<AMOUNT>400.000</AMOUNT>
</ALLLEDGERENTRIES.LIST>
<ALLLEDGERENTRIES.LIST>
<REMOVEZEROENTRIES>No</REMOVEZEROENTRIES>
<ISDEEMEDPOSITIVE>No</ISDEEMEDPOSITIVE>
<LEDGERFROMITEM>No</LEDGERFROMITEM>
<LEDGERNAME>IGST</LEDGERNAME>
<AMOUNT>72.0000000</AMOUNT>
</ALLLEDGERENTRIES.LIST>
<ALLLEDGERENTRIES.LIST>
<REMOVEZEROENTRIES>No</REMOVEZEROENTRIES>
<ISDEEMEDPOSITIVE>No</ISDEEMEDPOSITIVE>
<LEDGERFROMITEM>No</LEDGERFROMITEM>
<LEDGERNAME>Container Handling Services-Import-GST</LEDGERNAME>
<AMOUNT>1200.000</AMOUNT>
</ALLLEDGERENTRIES.LIST>
<ALLLEDGERENTRIES.LIST>
<REMOVEZEROENTRIES>No</REMOVEZEROENTRIES>
<ISDEEMEDPOSITIVE>No</ISDEEMEDPOSITIVE>
<LEDGERFROMITEM>No</LEDGERFROMITEM>
<LEDGERNAME>IGST</LEDGERNAME>
<AMOUNT>216.0000000</AMOUNT>
</ALLLEDGERENTRIES.LIST>
<ALLLEDGERENTRIES.LIST>
<REMOVEZEROENTRIES>No</REMOVEZEROENTRIES>
<ISDEEMEDPOSITIVE>No</ISDEEMEDPOSITIVE>
<LEDGERFROMITEM>No</LEDGERFROMITEM>
<LEDGERNAME>Container Handling Services-Import-GST</LEDGERNAME>
<AMOUNT>600.000</AMOUNT>
</ALLLEDGERENTRIES.LIST>
<ALLLEDGERENTRIES.LIST>
<REMOVEZEROENTRIES>No</REMOVEZEROENTRIES>
<ISDEEMEDPOSITIVE>No</ISDEEMEDPOSITIVE>
<LEDGERFROMITEM>No</LEDGERFROMITEM>
<LEDGERNAME>IGST</LEDGERNAME>
<AMOUNT>108.0000000</AMOUNT>
</ALLLEDGERENTRIES.LIST>
<ALLLEDGERENTRIES.LIST>
<REMOVEZEROENTRIES>No</REMOVEZEROENTRIES>
<ISDEEMEDPOSITIVE>No</ISDEEMEDPOSITIVE>
<LEDGERFROMITEM>No</LEDGERFROMITEM>
<LEDGERNAME>SHORT AND EXCESS</LEDGERNAME>
<AMOUNT>-0.340</AMOUNT>
</ALLLEDGERENTRIES.LIST>
</VOUCHER>
<VOUCHER>
<ISOPTIONAL>No</ISOPTIONAL>
<USEFORGAINLOSS>No</USEFORGAINLOSS>
<USEFORCOMPOUND>No</USEFORCOMPOUND>
<VOUCHERTYPENAME>Sales-Import-CFSM</VOUCHERTYPENAME>
<DATE>20191105</DATE>
<EFFECTIVEDATE>20191105</EFFECTIVEDATE>
<ISCANCELLED>No</ISCANCELLED>
<USETRACKINGNUMBER>No</USETRACKINGNUMBER>
<ISPOSTDATED>No</ISPOSTDATED>
<ISINVOICE>No</ISINVOICE>
<DIFFACTUALQTY>No</DIFFACTUALQTY>
<VOUCHERNUMBER>ALSI009268/19-20</VOUCHERNUMBER>
<PARTYLEDGERNAME>FUTURE LINK CONCEPT</PARTYLEDGERNAME>
<STATENAME>Maharashtra</STATENAME>
<NARRATION>Being amount debited towards IGM No: 2236599, BL NO: BAXSSS078148, Importer: FUTURE LINK CONCEPT, VOY NO: 921, Vessel: NORDWINTER, LINER: FREIGHT CONNECTION INDIA PVT. LTD and containers:  1 X 20, Invoice No: ALSI009268/19-20</NARRATION>
<PARTYGSTIN>27ADDPB2259E1Z0</PARTYGSTIN>
<ALLLEDGERENTRIES.LIST>
<REMOVEZEROENTRIES>No</REMOVEZEROENTRIES>
<ISDEEMEDPOSITIVE>Yes</ISDEEMEDPOSITIVE>
<LEDGERFROMITEM>No</LEDGERFROMITEM>
<LEDGERNAME>FUTURE LINK CONCEPT</LEDGERNAME>
<AMOUNT>-16685.000</AMOUNT>
<BILLALLOCATIONS.LIST>
<NAME>ALSI009268/19-20</NAME>
<BILLTYPE>New Ref</BILLTYPE>
<AMOUNT>-16685.000</AMOUNT>
</BILLALLOCATIONS.LIST>
</ALLLEDGERENTRIES.LIST>
<ALLLEDGERENTRIES.LIST>
<REMOVEZEROENTRIES>No</REMOVEZEROENTRIES>
<ISDEEMEDPOSITIVE>No</ISDEEMEDPOSITIVE>
<LEDGERFROMITEM>No</LEDGERFROMITEM>
<LEDGERNAME>Container Handling Services-Import-GST</LEDGERNAME>
<AMOUNT>14140.000</AMOUNT>
</ALLLEDGERENTRIES.LIST>
<ALLLEDGERENTRIES.LIST>
<REMOVEZEROENTRIES>No</REMOVEZEROENTRIES>
<ISDEEMEDPOSITIVE>No</ISDEEMEDPOSITIVE>
<LEDGERFROMITEM>No</LEDGERFROMITEM>
<LEDGERNAME>SGST</LEDGERNAME>
<AMOUNT>1272.6000000</AMOUNT>
</ALLLEDGERENTRIES.LIST>
<ALLLEDGERENTRIES.LIST>
<REMOVEZEROENTRIES>No</REMOVEZEROENTRIES>
<ISDEEMEDPOSITIVE>No</ISDEEMEDPOSITIVE>
<LEDGERFROMITEM>No</LEDGERFROMITEM>
<LEDGERNAME>CGST</LEDGERNAME>
<AMOUNT>1272.6000000</AMOUNT>
</ALLLEDGERENTRIES.LIST>
<ALLLEDGERENTRIES.LIST>
<REMOVEZEROENTRIES>No</REMOVEZEROENTRIES>
<ISDEEMEDPOSITIVE>No</ISDEEMEDPOSITIVE>
<LEDGERFROMITEM>No</LEDGERFROMITEM>
<LEDGERNAME>SHORT AND EXCESS</LEDGERNAME>
<AMOUNT>-0.200</AMOUNT>
</ALLLEDGERENTRIES.LIST>
</VOUCHER>
<VOUCHER>
<ISOPTIONAL>No</ISOPTIONAL>
<USEFORGAINLOSS>No</USEFORGAINLOSS>
<USEFORCOMPOUND>No</USEFORCOMPOUND>
<VOUCHERTYPENAME>Sales-Import-CFSM</VOUCHERTYPENAME>
<DATE>20191105</DATE>
<EFFECTIVEDATE>20191105</EFFECTIVEDATE>
<ISCANCELLED>No</ISCANCELLED>
<USETRACKINGNUMBER>No</USETRACKINGNUMBER>
<ISPOSTDATED>No</ISPOSTDATED>
<ISINVOICE>No</ISINVOICE>
<DIFFACTUALQTY>No</DIFFACTUALQTY>
<VOUCHERNUMBER>ALSI009270/19-20</VOUCHERNUMBER>
<PARTYLEDGERNAME>FLYJAC LOGISTICS PRIVATE LIMITED</PARTYLEDGERNAME>
<STATENAME>Maharashtra</STATENAME>
<NARRATION>Being amount debited towards IGM No: 2238194, BL NO: COAU7056061260, Importer: HIGHLY ELECTRICAL APPLIANCES INDIA, VOY NO: 132W, Vessel: XIN MEI ZHOU, LINER: COSCO SHIPPING LINES (INDIA) PRIVATE LIMITED and containers:  1 X 40, Invoice No: ALSI009270/19-20</NARRATION>
<PARTYGSTIN>27AABCF2133M1ZP</PARTYGSTIN>
<ALLLEDGERENTRIES.LIST>
<REMOVEZEROENTRIES>No</REMOVEZEROENTRIES>
<ISDEEMEDPOSITIVE>Yes</ISDEEMEDPOSITIVE>
<LEDGERFROMITEM>No</LEDGERFROMITEM>
<LEDGERNAME>FLYJAC LOGISTICS PRIVATE LIMITED</LEDGERNAME>
<AMOUNT>-44852.000</AMOUNT>
<BILLALLOCATIONS.LIST>
<NAME>ALSI009270/19-20</NAME>
<BILLTYPE>New Ref</BILLTYPE>
<AMOUNT>-44852.000</AMOUNT>
</BILLALLOCATIONS.LIST>
</ALLLEDGERENTRIES.LIST>
<ALLLEDGERENTRIES.LIST>
<REMOVEZEROENTRIES>No</REMOVEZEROENTRIES>
<ISDEEMEDPOSITIVE>No</ISDEEMEDPOSITIVE>
<LEDGERFROMITEM>No</LEDGERFROMITEM>
<LEDGERNAME>Container Handling Services-Import-GST</LEDGERNAME>
<AMOUNT>20380.000</AMOUNT>
</ALLLEDGERENTRIES.LIST>
<ALLLEDGERENTRIES.LIST>
<REMOVEZEROENTRIES>No</REMOVEZEROENTRIES>
<ISDEEMEDPOSITIVE>No</ISDEEMEDPOSITIVE>
<LEDGERFROMITEM>No</LEDGERFROMITEM>
<LEDGERNAME>SGST</LEDGERNAME>
<AMOUNT>1834.2000000</AMOUNT>
</ALLLEDGERENTRIES.LIST>
<ALLLEDGERENTRIES.LIST>
<REMOVEZEROENTRIES>No</REMOVEZEROENTRIES>
<ISDEEMEDPOSITIVE>No</ISDEEMEDPOSITIVE>
<LEDGERFROMITEM>No</LEDGERFROMITEM>
<LEDGERNAME>CGST</LEDGERNAME>
<AMOUNT>1834.2000000</AMOUNT>
</ALLLEDGERENTRIES.LIST>
<ALLLEDGERENTRIES.LIST>
<REMOVEZEROENTRIES>No</REMOVEZEROENTRIES>
<ISDEEMEDPOSITIVE>No</ISDEEMEDPOSITIVE>
<LEDGERFROMITEM>No</LEDGERFROMITEM>
<LEDGERNAME>Other Storage and Warehousing Services-Import-GST</LEDGERNAME>
<AMOUNT>1100.000</AMOUNT>
</ALLLEDGERENTRIES.LIST>
<ALLLEDGERENTRIES.LIST>
<REMOVEZEROENTRIES>No</REMOVEZEROENTRIES>
<ISDEEMEDPOSITIVE>No</ISDEEMEDPOSITIVE>
<LEDGERFROMITEM>No</LEDGERFROMITEM>
<LEDGERNAME>CGST</LEDGERNAME>
<AMOUNT>99.0000000</AMOUNT>
</ALLLEDGERENTRIES.LIST>
<ALLLEDGERENTRIES.LIST>
<REMOVEZEROENTRIES>No</REMOVEZEROENTRIES>
<ISDEEMEDPOSITIVE>No</ISDEEMEDPOSITIVE>
<LEDGERFROMITEM>No</LEDGERFROMITEM>
<LEDGERNAME>SGST</LEDGERNAME>
<AMOUNT>99.0000000</AMOUNT>
</ALLLEDGERENTRIES.LIST>
<ALLLEDGERENTRIES.LIST>
<REMOVEZEROENTRIES>No</REMOVEZEROENTRIES>
<ISDEEMEDPOSITIVE>No</ISDEEMEDPOSITIVE>
<LEDGERFROMITEM>No</LEDGERFROMITEM>
<LEDGERNAME>Container Handling Services-Import-GST</LEDGERNAME>
<AMOUNT>2400.000</AMOUNT>
</ALLLEDGERENTRIES.LIST>
<ALLLEDGERENTRIES.LIST>
<REMOVEZEROENTRIES>No</REMOVEZEROENTRIES>
<ISDEEMEDPOSITIVE>No</ISDEEMEDPOSITIVE>
<LEDGERFROMITEM>No</LEDGERFROMITEM>
<LEDGERNAME>CGST</LEDGERNAME>
<AMOUNT>216.0000000</AMOUNT>
</ALLLEDGERENTRIES.LIST>
<ALLLEDGERENTRIES.LIST>
<REMOVEZEROENTRIES>No</REMOVEZEROENTRIES>
<ISDEEMEDPOSITIVE>No</ISDEEMEDPOSITIVE>
<LEDGERFROMITEM>No</LEDGERFROMITEM>
<LEDGERNAME>SGST</LEDGERNAME>
<AMOUNT>216.0000000</AMOUNT>
</ALLLEDGERENTRIES.LIST>
<ALLLEDGERENTRIES.LIST>
<REMOVEZEROENTRIES>No</REMOVEZEROENTRIES>
<ISDEEMEDPOSITIVE>No</ISDEEMEDPOSITIVE>
<LEDGERFROMITEM>No</LEDGERFROMITEM>
<LEDGERNAME>Container Handling Services-Import-GST</LEDGERNAME>
<AMOUNT>50.000</AMOUNT>
</ALLLEDGERENTRIES.LIST>
<ALLLEDGERENTRIES.LIST>
<REMOVEZEROENTRIES>No</REMOVEZEROENTRIES>
<ISDEEMEDPOSITIVE>No</ISDEEMEDPOSITIVE>
<LEDGERFROMITEM>No</LEDGERFROMITEM>
<LEDGERNAME>CGST</LEDGERNAME>
<AMOUNT>4.5000000</AMOUNT>
</ALLLEDGERENTRIES.LIST>
<ALLLEDGERENTRIES.LIST>
<REMOVEZEROENTRIES>No</REMOVEZEROENTRIES>
<ISDEEMEDPOSITIVE>No</ISDEEMEDPOSITIVE>
<LEDGERFROMITEM>No</LEDGERFROMITEM>
<LEDGERNAME>SGST</LEDGERNAME>
<AMOUNT>4.5000000</AMOUNT>
</ALLLEDGERENTRIES.LIST>
<ALLLEDGERENTRIES.LIST>
<REMOVEZEROENTRIES>No</REMOVEZEROENTRIES>
<ISDEEMEDPOSITIVE>No</ISDEEMEDPOSITIVE>
<LEDGERFROMITEM>No</LEDGERFROMITEM>
<LEDGERNAME>Container Handling Services-Import-GST</LEDGERNAME>
<AMOUNT>30.000</AMOUNT>
</ALLLEDGERENTRIES.LIST>
<ALLLEDGERENTRIES.LIST>
<REMOVEZEROENTRIES>No</REMOVEZEROENTRIES>
<ISDEEMEDPOSITIVE>No</ISDEEMEDPOSITIVE>
<LEDGERFROMITEM>No</LEDGERFROMITEM>
<LEDGERNAME>CGST</LEDGERNAME>
<AMOUNT>2.7000000</AMOUNT>
</ALLLEDGERENTRIES.LIST>
<ALLLEDGERENTRIES.LIST>
<REMOVEZEROENTRIES>No</REMOVEZEROENTRIES>
<ISDEEMEDPOSITIVE>No</ISDEEMEDPOSITIVE>
<LEDGERFROMITEM>No</LEDGERFROMITEM>
<LEDGERNAME>SGST</LEDGERNAME>
<AMOUNT>2.7000000</AMOUNT>
</ALLLEDGERENTRIES.LIST>
<ALLLEDGERENTRIES.LIST>
<REMOVEZEROENTRIES>No</REMOVEZEROENTRIES>
<ISDEEMEDPOSITIVE>No</ISDEEMEDPOSITIVE>
<LEDGERFROMITEM>No</LEDGERFROMITEM>
<LEDGERNAME>Container Handling Services-Import-GST</LEDGERNAME>
<AMOUNT>400.000</AMOUNT>
</ALLLEDGERENTRIES.LIST>
<ALLLEDGERENTRIES.LIST>
<REMOVEZEROENTRIES>No</REMOVEZEROENTRIES>
<ISDEEMEDPOSITIVE>No</ISDEEMEDPOSITIVE>
<LEDGERFROMITEM>No</LEDGERFROMITEM>
<LEDGERNAME>SGST</LEDGERNAME>
<AMOUNT>36.0000000</AMOUNT>
</ALLLEDGERENTRIES.LIST>
<ALLLEDGERENTRIES.LIST>
<REMOVEZEROENTRIES>No</REMOVEZEROENTRIES>
<ISDEEMEDPOSITIVE>No</ISDEEMEDPOSITIVE>
<LEDGERFROMITEM>No</LEDGERFROMITEM>
<LEDGERNAME>CGST</LEDGERNAME>
<AMOUNT>36.0000000</AMOUNT>
</ALLLEDGERENTRIES.LIST>
<ALLLEDGERENTRIES.LIST>
<REMOVEZEROENTRIES>No</REMOVEZEROENTRIES>
<ISDEEMEDPOSITIVE>No</ISDEEMEDPOSITIVE>
<LEDGERFROMITEM>No</LEDGERFROMITEM>
<LEDGERNAME>Container Handling Services-Import-GST</LEDGERNAME>
<AMOUNT>2400.000</AMOUNT>
</ALLLEDGERENTRIES.LIST>
<ALLLEDGERENTRIES.LIST>
<REMOVEZEROENTRIES>No</REMOVEZEROENTRIES>
<ISDEEMEDPOSITIVE>No</ISDEEMEDPOSITIVE>
<LEDGERFROMITEM>No</LEDGERFROMITEM>
<LEDGERNAME>SGST</LEDGERNAME>
<AMOUNT>216.0000000</AMOUNT>
</ALLLEDGERENTRIES.LIST>
<ALLLEDGERENTRIES.LIST>
<REMOVEZEROENTRIES>No</REMOVEZEROENTRIES>
<ISDEEMEDPOSITIVE>No</ISDEEMEDPOSITIVE>
<LEDGERFROMITEM>No</LEDGERFROMITEM>
<LEDGERNAME>CGST</LEDGERNAME>
<AMOUNT>216.0000000</AMOUNT>
</ALLLEDGERENTRIES.LIST>
<ALLLEDGERENTRIES.LIST>
<REMOVEZEROENTRIES>No</REMOVEZEROENTRIES>
<ISDEEMEDPOSITIVE>No</ISDEEMEDPOSITIVE>
<LEDGERFROMITEM>No</LEDGERFROMITEM>
<LEDGERNAME>Container Handling Services-Import-GST</LEDGERNAME>
<AMOUNT>10050.000</AMOUNT>
</ALLLEDGERENTRIES.LIST>
<ALLLEDGERENTRIES.LIST>
<REMOVEZEROENTRIES>No</REMOVEZEROENTRIES>
<ISDEEMEDPOSITIVE>No</ISDEEMEDPOSITIVE>
<LEDGERFROMITEM>No</LEDGERFROMITEM>
<LEDGERNAME>SGST</LEDGERNAME>
<AMOUNT>904.5000000</AMOUNT>
</ALLLEDGERENTRIES.LIST>
<ALLLEDGERENTRIES.LIST>
<REMOVEZEROENTRIES>No</REMOVEZEROENTRIES>
<ISDEEMEDPOSITIVE>No</ISDEEMEDPOSITIVE>
<LEDGERFROMITEM>No</LEDGERFROMITEM>
<LEDGERNAME>CGST</LEDGERNAME>
<AMOUNT>904.5000000</AMOUNT>
</ALLLEDGERENTRIES.LIST>
<ALLLEDGERENTRIES.LIST>
<REMOVEZEROENTRIES>No</REMOVEZEROENTRIES>
<ISDEEMEDPOSITIVE>No</ISDEEMEDPOSITIVE>
<LEDGERFROMITEM>No</LEDGERFROMITEM>
<LEDGERNAME>Container Handling Services-Import-GST</LEDGERNAME>
<AMOUNT>1200.000</AMOUNT>
</ALLLEDGERENTRIES.LIST>
<ALLLEDGERENTRIES.LIST>
<REMOVEZEROENTRIES>No</REMOVEZEROENTRIES>
<ISDEEMEDPOSITIVE>No</ISDEEMEDPOSITIVE>
<LEDGERFROMITEM>No</LEDGERFROMITEM>
<LEDGERNAME>CGST</LEDGERNAME>
<AMOUNT>108.0000000</AMOUNT>
</ALLLEDGERENTRIES.LIST>
<ALLLEDGERENTRIES.LIST>
<REMOVEZEROENTRIES>No</REMOVEZEROENTRIES>
<ISDEEMEDPOSITIVE>No</ISDEEMEDPOSITIVE>
<LEDGERFROMITEM>No</LEDGERFROMITEM>
<LEDGERNAME>SGST</LEDGERNAME>
<AMOUNT>108.0000000</AMOUNT>
</ALLLEDGERENTRIES.LIST>
<ALLLEDGERENTRIES.LIST>
<REMOVEZEROENTRIES>No</REMOVEZEROENTRIES>
<ISDEEMEDPOSITIVE>No</ISDEEMEDPOSITIVE>
<LEDGERFROMITEM>No</LEDGERFROMITEM>
<LEDGERNAME>SHORT AND EXCESS</LEDGERNAME>
<AMOUNT>0.200</AMOUNT>
</ALLLEDGERENTRIES.LIST>
</VOUCHER>
<VOUCHER>
<ISOPTIONAL>No</ISOPTIONAL>
<USEFORGAINLOSS>No</USEFORGAINLOSS>
<USEFORCOMPOUND>No</USEFORCOMPOUND>
<VOUCHERTYPENAME>Sales-Import-CFSM</VOUCHERTYPENAME>
<DATE>20191105</DATE>
<EFFECTIVEDATE>20191105</EFFECTIVEDATE>
<ISCANCELLED>No</ISCANCELLED>
<USETRACKINGNUMBER>No</USETRACKINGNUMBER>
<ISPOSTDATED>No</ISPOSTDATED>
<ISINVOICE>No</ISINVOICE>
<DIFFACTUALQTY>No</DIFFACTUALQTY>
<VOUCHERNUMBER>ALSI009271/19-20</VOUCHERNUMBER>
<PARTYLEDGERNAME>ADSUN ELECTRONICS PRIVATE LIMITED</PARTYLEDGERNAME>
<STATENAME>Haryana</STATENAME>
<NARRATION>Being amount debited towards IGM No: 2237567, BL NO: COAU7086151370, Importer: ADSUN ELECTRONICS PRIVATE, VOY NO: 112, Vessel: XIN BEIJING, LINER: Cosco(OffdocTHC) Shipping Line and containers:  1 X 40, Invoice No: ALSI009271/19-20</NARRATION>
<PARTYGSTIN>06AARCA0454A1Z3</PARTYGSTIN>
<ALLLEDGERENTRIES.LIST>
<REMOVEZEROENTRIES>No</REMOVEZEROENTRIES>
<ISDEEMEDPOSITIVE>Yes</ISDEEMEDPOSITIVE>
<LEDGERFROMITEM>No</LEDGERFROMITEM>
<LEDGERNAME>ADSUN ELECTRONICS PRIVATE LIMITED</LEDGERNAME>
<AMOUNT>-3776.000</AMOUNT>
<BILLALLOCATIONS.LIST>
<NAME>ALSI009271/19-20</NAME>
<BILLTYPE>New Ref</BILLTYPE>
<AMOUNT>-3776.000</AMOUNT>
</BILLALLOCATIONS.LIST>
</ALLLEDGERENTRIES.LIST>
<ALLLEDGERENTRIES.LIST>
<REMOVEZEROENTRIES>No</REMOVEZEROENTRIES>
<ISDEEMEDPOSITIVE>No</ISDEEMEDPOSITIVE>
<LEDGERFROMITEM>No</LEDGERFROMITEM>
<LEDGERNAME>Other Storage and Warehousing Services-Import-GST</LEDGERNAME>
<AMOUNT>3200.000</AMOUNT>
</ALLLEDGERENTRIES.LIST>
<ALLLEDGERENTRIES.LIST>
<REMOVEZEROENTRIES>No</REMOVEZEROENTRIES>
<ISDEEMEDPOSITIVE>No</ISDEEMEDPOSITIVE>
<LEDGERFROMITEM>No</LEDGERFROMITEM>
<LEDGERNAME>IGST</LEDGERNAME>
<AMOUNT>576.0000000</AMOUNT>
</ALLLEDGERENTRIES.LIST>
<ALLLEDGERENTRIES.LIST>
<REMOVEZEROENTRIES>No</REMOVEZEROENTRIES>
<ISDEEMEDPOSITIVE>No</ISDEEMEDPOSITIVE>
<LEDGERFROMITEM>No</LEDGERFROMITEM>
<LEDGERNAME>SHORT AND EXCESS</LEDGERNAME>
<AMOUNT>0.000</AMOUNT>
</ALLLEDGERENTRIES.LIST>
</VOUCHER>
<VOUCHER>
<ISOPTIONAL>No</ISOPTIONAL>
<USEFORGAINLOSS>No</USEFORGAINLOSS>
<USEFORCOMPOUND>No</USEFORCOMPOUND>
<VOUCHERTYPENAME>Sales-Import-CFSM</VOUCHERTYPENAME>
<DATE>20191105</DATE>
<EFFECTIVEDATE>20191105</EFFECTIVEDATE>
<ISCANCELLED>No</ISCANCELLED>
<USETRACKINGNUMBER>No</USETRACKINGNUMBER>
<ISPOSTDATED>No</ISPOSTDATED>
<ISINVOICE>No</ISINVOICE>
<DIFFACTUALQTY>No</DIFFACTUALQTY>
<VOUCHERNUMBER>ALSI009272/19-20</VOUCHERNUMBER>
<PARTYLEDGERNAME>ASHOKAA INDUSTRIES</PARTYLEDGERNAME>
<STATENAME>Maharashtra</STATENAME>
<NARRATION>Being amount debited towards IGM No: 2237794, BL NO: 1219501980, Importer: ASHOKAA INDUSTRIES, VOY NO: 049, Vessel: WAN HAI 517, LINER: WAN HAI LINE and containers:  2 X 20, Invoice No: ALSI009272/19-20</NARRATION>
<PARTYGSTIN>27AHEPM4668B1ZD</PARTYGSTIN>
<ALLLEDGERENTRIES.LIST>
<REMOVEZEROENTRIES>No</REMOVEZEROENTRIES>
<ISDEEMEDPOSITIVE>Yes</ISDEEMEDPOSITIVE>
<LEDGERFROMITEM>No</LEDGERFROMITEM>
<LEDGERNAME>ASHOKAA INDUSTRIES</LEDGERNAME>
<AMOUNT>-34220.000</AMOUNT>
<BILLALLOCATIONS.LIST>
<NAME>ALSI009272/19-20</NAME>
<BILLTYPE>New Ref</BILLTYPE>
<AMOUNT>-34220.000</AMOUNT>
</BILLALLOCATIONS.LIST>
</ALLLEDGERENTRIES.LIST>
<ALLLEDGERENTRIES.LIST>
<REMOVEZEROENTRIES>No</REMOVEZEROENTRIES>
<ISDEEMEDPOSITIVE>No</ISDEEMEDPOSITIVE>
<LEDGERFROMITEM>No</LEDGERFROMITEM>
<LEDGERNAME>Container Handling Services-Import-GST</LEDGERNAME>
<AMOUNT>12000.000</AMOUNT>
</ALLLEDGERENTRIES.LIST>
<ALLLEDGERENTRIES.LIST>
<REMOVEZEROENTRIES>No</REMOVEZEROENTRIES>
<ISDEEMEDPOSITIVE>No</ISDEEMEDPOSITIVE>
<LEDGERFROMITEM>No</LEDGERFROMITEM>
<LEDGERNAME>SGST</LEDGERNAME>
<AMOUNT>1080.0000000</AMOUNT>
</ALLLEDGERENTRIES.LIST>
<ALLLEDGERENTRIES.LIST>
<REMOVEZEROENTRIES>No</REMOVEZEROENTRIES>
<ISDEEMEDPOSITIVE>No</ISDEEMEDPOSITIVE>
<LEDGERFROMITEM>No</LEDGERFROMITEM>
<LEDGERNAME>CGST</LEDGERNAME>
<AMOUNT>1080.0000000</AMOUNT>
</ALLLEDGERENTRIES.LIST>
<ALLLEDGERENTRIES.LIST>
<REMOVEZEROENTRIES>No</REMOVEZEROENTRIES>
<ISDEEMEDPOSITIVE>No</ISDEEMEDPOSITIVE>
<LEDGERFROMITEM>No</LEDGERFROMITEM>
<LEDGERNAME>Container Handling Services-Import-GST</LEDGERNAME>
<AMOUNT>1000.000</AMOUNT>
</ALLLEDGERENTRIES.LIST>
<ALLLEDGERENTRIES.LIST>
<REMOVEZEROENTRIES>No</REMOVEZEROENTRIES>
<ISDEEMEDPOSITIVE>No</ISDEEMEDPOSITIVE>
<LEDGERFROMITEM>No</LEDGERFROMITEM>
<LEDGERNAME>SGST</LEDGERNAME>
<AMOUNT>90.0000000</AMOUNT>
</ALLLEDGERENTRIES.LIST>
<ALLLEDGERENTRIES.LIST>
<REMOVEZEROENTRIES>No</REMOVEZEROENTRIES>
<ISDEEMEDPOSITIVE>No</ISDEEMEDPOSITIVE>
<LEDGERFROMITEM>No</LEDGERFROMITEM>
<LEDGERNAME>CGST</LEDGERNAME>
<AMOUNT>90.0000000</AMOUNT>
</ALLLEDGERENTRIES.LIST>
<ALLLEDGERENTRIES.LIST>
<REMOVEZEROENTRIES>No</REMOVEZEROENTRIES>
<ISDEEMEDPOSITIVE>No</ISDEEMEDPOSITIVE>
<LEDGERFROMITEM>No</LEDGERFROMITEM>
<LEDGERNAME>Container Handling Services-Import-GST</LEDGERNAME>
<AMOUNT>3000.000</AMOUNT>
</ALLLEDGERENTRIES.LIST>
<ALLLEDGERENTRIES.LIST>
<REMOVEZEROENTRIES>No</REMOVEZEROENTRIES>
<ISDEEMEDPOSITIVE>No</ISDEEMEDPOSITIVE>
<LEDGERFROMITEM>No</LEDGERFROMITEM>
<LEDGERNAME>SGST</LEDGERNAME>
<AMOUNT>270.0000000</AMOUNT>
</ALLLEDGERENTRIES.LIST>
<ALLLEDGERENTRIES.LIST>
<REMOVEZEROENTRIES>No</REMOVEZEROENTRIES>
<ISDEEMEDPOSITIVE>No</ISDEEMEDPOSITIVE>
<LEDGERFROMITEM>No</LEDGERFROMITEM>
<LEDGERNAME>CGST</LEDGERNAME>
<AMOUNT>270.0000000</AMOUNT>
</ALLLEDGERENTRIES.LIST>
<ALLLEDGERENTRIES.LIST>
<REMOVEZEROENTRIES>No</REMOVEZEROENTRIES>
<ISDEEMEDPOSITIVE>No</ISDEEMEDPOSITIVE>
<LEDGERFROMITEM>No</LEDGERFROMITEM>
<LEDGERNAME>Container Handling Services-Import-GST</LEDGERNAME>
<AMOUNT>13000.000</AMOUNT>
</ALLLEDGERENTRIES.LIST>
<ALLLEDGERENTRIES.LIST>
<REMOVEZEROENTRIES>No</REMOVEZEROENTRIES>
<ISDEEMEDPOSITIVE>No</ISDEEMEDPOSITIVE>
<LEDGERFROMITEM>No</LEDGERFROMITEM>
<LEDGERNAME>CGST</LEDGERNAME>
<AMOUNT>1170.0000000</AMOUNT>
</ALLLEDGERENTRIES.LIST>
<ALLLEDGERENTRIES.LIST>
<REMOVEZEROENTRIES>No</REMOVEZEROENTRIES>
<ISDEEMEDPOSITIVE>No</ISDEEMEDPOSITIVE>
<LEDGERFROMITEM>No</LEDGERFROMITEM>
<LEDGERNAME>SGST</LEDGERNAME>
<AMOUNT>1170.0000000</AMOUNT>
</ALLLEDGERENTRIES.LIST>
<ALLLEDGERENTRIES.LIST>
<REMOVEZEROENTRIES>No</REMOVEZEROENTRIES>
<ISDEEMEDPOSITIVE>No</ISDEEMEDPOSITIVE>
<LEDGERFROMITEM>No</LEDGERFROMITEM>
<LEDGERNAME>SHORT AND EXCESS</LEDGERNAME>
<AMOUNT>0.000</AMOUNT>
</ALLLEDGERENTRIES.LIST>
</VOUCHER>
<VOUCHER>
<ISOPTIONAL>No</ISOPTIONAL>
<USEFORGAINLOSS>No</USEFORGAINLOSS>
<USEFORCOMPOUND>No</USEFORCOMPOUND>
<VOUCHERTYPENAME>Sales-Import-CFSM</VOUCHERTYPENAME>
<DATE>20191105</DATE>
<EFFECTIVEDATE>20191105</EFFECTIVEDATE>
<ISCANCELLED>No</ISCANCELLED>
<USETRACKINGNUMBER>No</USETRACKINGNUMBER>
<ISPOSTDATED>No</ISPOSTDATED>
<ISINVOICE>No</ISINVOICE>
<DIFFACTUALQTY>No</DIFFACTUALQTY>
<VOUCHERNUMBER>ALSI009273/19-20</VOUCHERNUMBER>
<PARTYLEDGERNAME>GIVAUDAN INDIA PVT LTD</PARTYLEDGERNAME>
<STATENAME>Maharashtra</STATENAME>
<NARRATION>Being amount debited towards IGM No: 2237567, BL NO: COAU7058080600, Importer: GIVAUDAN INDIA PVT LTD, VOY NO: 112, Vessel: XIN BEIJING, LINER: Cosco(OffdocTHC) Shipping Line and containers:  1 X 20, Invoice No: ALSI009273/19-20</NARRATION>
<PARTYGSTIN>27AAACV7454J1ZY</PARTYGSTIN>
<ALLLEDGERENTRIES.LIST>
<REMOVEZEROENTRIES>No</REMOVEZEROENTRIES>
<ISDEEMEDPOSITIVE>Yes</ISDEEMEDPOSITIVE>
<LEDGERFROMITEM>No</LEDGERFROMITEM>
<LEDGERNAME>GIVAUDAN INDIA PVT LTD</LEDGERNAME>
<AMOUNT>-23948.000</AMOUNT>
<BILLALLOCATIONS.LIST>
<NAME>ALSI009273/19-20</NAME>
<BILLTYPE>New Ref</BILLTYPE>
<AMOUNT>-23948.000</AMOUNT>
</BILLALLOCATIONS.LIST>
</ALLLEDGERENTRIES.LIST>
<ALLLEDGERENTRIES.LIST>
<REMOVEZEROENTRIES>No</REMOVEZEROENTRIES>
<ISDEEMEDPOSITIVE>No</ISDEEMEDPOSITIVE>
<LEDGERFROMITEM>No</LEDGERFROMITEM>
<LEDGERNAME>Container Handling Services-Import-GST</LEDGERNAME>
<AMOUNT>6865.000</AMOUNT>
</ALLLEDGERENTRIES.LIST>
<ALLLEDGERENTRIES.LIST>
<REMOVEZEROENTRIES>No</REMOVEZEROENTRIES>
<ISDEEMEDPOSITIVE>No</ISDEEMEDPOSITIVE>
<LEDGERFROMITEM>No</LEDGERFROMITEM>
<LEDGERNAME>SGST</LEDGERNAME>
<AMOUNT>617.8500000</AMOUNT>
</ALLLEDGERENTRIES.LIST>
<ALLLEDGERENTRIES.LIST>
<REMOVEZEROENTRIES>No</REMOVEZEROENTRIES>
<ISDEEMEDPOSITIVE>No</ISDEEMEDPOSITIVE>
<LEDGERFROMITEM>No</LEDGERFROMITEM>
<LEDGERNAME>CGST</LEDGERNAME>
<AMOUNT>617.8500000</AMOUNT>
</ALLLEDGERENTRIES.LIST>
<ALLLEDGERENTRIES.LIST>
<REMOVEZEROENTRIES>No</REMOVEZEROENTRIES>
<ISDEEMEDPOSITIVE>No</ISDEEMEDPOSITIVE>
<LEDGERFROMITEM>No</LEDGERFROMITEM>
<LEDGERNAME>Other Storage and Warehousing Services-Import-GST</LEDGERNAME>
<AMOUNT>6000.000</AMOUNT>
</ALLLEDGERENTRIES.LIST>
<ALLLEDGERENTRIES.LIST>
<REMOVEZEROENTRIES>No</REMOVEZEROENTRIES>
<ISDEEMEDPOSITIVE>No</ISDEEMEDPOSITIVE>
<LEDGERFROMITEM>No</LEDGERFROMITEM>
<LEDGERNAME>SGST</LEDGERNAME>
<AMOUNT>540.0000000</AMOUNT>
</ALLLEDGERENTRIES.LIST>
<ALLLEDGERENTRIES.LIST>
<REMOVEZEROENTRIES>No</REMOVEZEROENTRIES>
<ISDEEMEDPOSITIVE>No</ISDEEMEDPOSITIVE>
<LEDGERFROMITEM>No</LEDGERFROMITEM>
<LEDGERNAME>CGST</LEDGERNAME>
<AMOUNT>540.0000000</AMOUNT>
</ALLLEDGERENTRIES.LIST>
<ALLLEDGERENTRIES.LIST>
<REMOVEZEROENTRIES>No</REMOVEZEROENTRIES>
<ISDEEMEDPOSITIVE>No</ISDEEMEDPOSITIVE>
<LEDGERFROMITEM>No</LEDGERFROMITEM>
<LEDGERNAME>Container Handling Services-Import-GST</LEDGERNAME>
<AMOUNT>1200.000</AMOUNT>
</ALLLEDGERENTRIES.LIST>
<ALLLEDGERENTRIES.LIST>
<REMOVEZEROENTRIES>No</REMOVEZEROENTRIES>
<ISDEEMEDPOSITIVE>No</ISDEEMEDPOSITIVE>
<LEDGERFROMITEM>No</LEDGERFROMITEM>
<LEDGERNAME>SGST</LEDGERNAME>
<AMOUNT>108.0000000</AMOUNT>
</ALLLEDGERENTRIES.LIST>
<ALLLEDGERENTRIES.LIST>
<REMOVEZEROENTRIES>No</REMOVEZEROENTRIES>
<ISDEEMEDPOSITIVE>No</ISDEEMEDPOSITIVE>
<LEDGERFROMITEM>No</LEDGERFROMITEM>
<LEDGERNAME>CGST</LEDGERNAME>
<AMOUNT>108.0000000</AMOUNT>
</ALLLEDGERENTRIES.LIST>
<ALLLEDGERENTRIES.LIST>
<REMOVEZEROENTRIES>No</REMOVEZEROENTRIES>
<ISDEEMEDPOSITIVE>No</ISDEEMEDPOSITIVE>
<LEDGERFROMITEM>No</LEDGERFROMITEM>
<LEDGERNAME>Container Handling Services-Import-GST</LEDGERNAME>
<AMOUNT>4000.000</AMOUNT>
</ALLLEDGERENTRIES.LIST>
<ALLLEDGERENTRIES.LIST>
<REMOVEZEROENTRIES>No</REMOVEZEROENTRIES>
<ISDEEMEDPOSITIVE>No</ISDEEMEDPOSITIVE>
<LEDGERFROMITEM>No</LEDGERFROMITEM>
<LEDGERNAME>SGST</LEDGERNAME>
<AMOUNT>360.0000000</AMOUNT>
</ALLLEDGERENTRIES.LIST>
<ALLLEDGERENTRIES.LIST>
<REMOVEZEROENTRIES>No</REMOVEZEROENTRIES>
<ISDEEMEDPOSITIVE>No</ISDEEMEDPOSITIVE>
<LEDGERFROMITEM>No</LEDGERFROMITEM>
<LEDGERNAME>CGST</LEDGERNAME>
<AMOUNT>360.0000000</AMOUNT>
</ALLLEDGERENTRIES.LIST>
<ALLLEDGERENTRIES.LIST>
<REMOVEZEROENTRIES>No</REMOVEZEROENTRIES>
<ISDEEMEDPOSITIVE>No</ISDEEMEDPOSITIVE>
<LEDGERFROMITEM>No</LEDGERFROMITEM>
<LEDGERNAME>Container Handling Services-Import-GST</LEDGERNAME>
<AMOUNT>30.000</AMOUNT>
</ALLLEDGERENTRIES.LIST>
<ALLLEDGERENTRIES.LIST>
<REMOVEZEROENTRIES>No</REMOVEZEROENTRIES>
<ISDEEMEDPOSITIVE>No</ISDEEMEDPOSITIVE>
<LEDGERFROMITEM>No</LEDGERFROMITEM>
<LEDGERNAME>CGST</LEDGERNAME>
<AMOUNT>2.7000000</AMOUNT>
</ALLLEDGERENTRIES.LIST>
<ALLLEDGERENTRIES.LIST>
<REMOVEZEROENTRIES>No</REMOVEZEROENTRIES>
<ISDEEMEDPOSITIVE>No</ISDEEMEDPOSITIVE>
<LEDGERFROMITEM>No</LEDGERFROMITEM>
<LEDGERNAME>SGST</LEDGERNAME>
<AMOUNT>2.7000000</AMOUNT>
</ALLLEDGERENTRIES.LIST>
<ALLLEDGERENTRIES.LIST>
<REMOVEZEROENTRIES>No</REMOVEZEROENTRIES>
<ISDEEMEDPOSITIVE>No</ISDEEMEDPOSITIVE>
<LEDGERFROMITEM>No</LEDGERFROMITEM>
<LEDGERNAME>Container Handling Services-Import-GST</LEDGERNAME>
<AMOUNT>400.000</AMOUNT>
</ALLLEDGERENTRIES.LIST>
<ALLLEDGERENTRIES.LIST>
<REMOVEZEROENTRIES>No</REMOVEZEROENTRIES>
<ISDEEMEDPOSITIVE>No</ISDEEMEDPOSITIVE>
<LEDGERFROMITEM>No</LEDGERFROMITEM>
<LEDGERNAME>SGST</LEDGERNAME>
<AMOUNT>36.0000000</AMOUNT>
</ALLLEDGERENTRIES.LIST>
<ALLLEDGERENTRIES.LIST>
<REMOVEZEROENTRIES>No</REMOVEZEROENTRIES>
<ISDEEMEDPOSITIVE>No</ISDEEMEDPOSITIVE>
<LEDGERFROMITEM>No</LEDGERFROMITEM>
<LEDGERNAME>CGST</LEDGERNAME>
<AMOUNT>36.0000000</AMOUNT>
</ALLLEDGERENTRIES.LIST>
<ALLLEDGERENTRIES.LIST>
<REMOVEZEROENTRIES>No</REMOVEZEROENTRIES>
<ISDEEMEDPOSITIVE>No</ISDEEMEDPOSITIVE>
<LEDGERFROMITEM>No</LEDGERFROMITEM>
<LEDGERNAME>Container Handling Services-Import-GST</LEDGERNAME>
<AMOUNT>1200.000</AMOUNT>
</ALLLEDGERENTRIES.LIST>
<ALLLEDGERENTRIES.LIST>
<REMOVEZEROENTRIES>No</REMOVEZEROENTRIES>
<ISDEEMEDPOSITIVE>No</ISDEEMEDPOSITIVE>
<LEDGERFROMITEM>No</LEDGERFROMITEM>
<LEDGERNAME>SGST</LEDGERNAME>
<AMOUNT>108.0000000</AMOUNT>
</ALLLEDGERENTRIES.LIST>
<ALLLEDGERENTRIES.LIST>
<REMOVEZEROENTRIES>No</REMOVEZEROENTRIES>
<ISDEEMEDPOSITIVE>No</ISDEEMEDPOSITIVE>
<LEDGERFROMITEM>No</LEDGERFROMITEM>
<LEDGERNAME>CGST</LEDGERNAME>
<AMOUNT>108.0000000</AMOUNT>
</ALLLEDGERENTRIES.LIST>
<ALLLEDGERENTRIES.LIST>
<REMOVEZEROENTRIES>No</REMOVEZEROENTRIES>
<ISDEEMEDPOSITIVE>No</ISDEEMEDPOSITIVE>
<LEDGERFROMITEM>No</LEDGERFROMITEM>
<LEDGERNAME>Container Handling Services-Import-GST</LEDGERNAME>
<AMOUNT>600.000</AMOUNT>
</ALLLEDGERENTRIES.LIST>
<ALLLEDGERENTRIES.LIST>
<REMOVEZEROENTRIES>No</REMOVEZEROENTRIES>
<ISDEEMEDPOSITIVE>No</ISDEEMEDPOSITIVE>
<LEDGERFROMITEM>No</LEDGERFROMITEM>
<LEDGERNAME>CGST</LEDGERNAME>
<AMOUNT>54.0000000</AMOUNT>
</ALLLEDGERENTRIES.LIST>
<ALLLEDGERENTRIES.LIST>
<REMOVEZEROENTRIES>No</REMOVEZEROENTRIES>
<ISDEEMEDPOSITIVE>No</ISDEEMEDPOSITIVE>
<LEDGERFROMITEM>No</LEDGERFROMITEM>
<LEDGERNAME>SGST</LEDGERNAME>
<AMOUNT>54.0000000</AMOUNT>
</ALLLEDGERENTRIES.LIST>
<ALLLEDGERENTRIES.LIST>
<REMOVEZEROENTRIES>No</REMOVEZEROENTRIES>
<ISDEEMEDPOSITIVE>No</ISDEEMEDPOSITIVE>
<LEDGERFROMITEM>No</LEDGERFROMITEM>
<LEDGERNAME>SHORT AND EXCESS</LEDGERNAME>
<AMOUNT>-0.100</AMOUNT>
</ALLLEDGERENTRIES.LIST>
</VOUCHER>
<VOUCHER>
<ISOPTIONAL>No</ISOPTIONAL>
<USEFORGAINLOSS>No</USEFORGAINLOSS>
<USEFORCOMPOUND>No</USEFORCOMPOUND>
<VOUCHERTYPENAME>Sales-Import-CFSM</VOUCHERTYPENAME>
<DATE>20191105</DATE>
<EFFECTIVEDATE>20191105</EFFECTIVEDATE>
<ISCANCELLED>No</ISCANCELLED>
<USETRACKINGNUMBER>No</USETRACKINGNUMBER>
<ISPOSTDATED>No</ISPOSTDATED>
<ISINVOICE>No</ISINVOICE>
<DIFFACTUALQTY>No</DIFFACTUALQTY>
<VOUCHERNUMBER>ALSI009274/19-20</VOUCHERNUMBER>
<PARTYLEDGERNAME>SHREEJI PARTS CO</PARTYLEDGERNAME>
<STATENAME>Gujarat</STATENAME>
<NARRATION>Being amount debited towards IGM No: 2237567, BL NO: COAU7056053460, Importer: SHREEJI PARTS CO, VOY NO: 112, Vessel: XIN BEIJING, LINER: Cosco(OffdocTHC) Shipping Line and containers:  1 X 20, Invoice No: ALSI009274/19-20</NARRATION>
<PARTYGSTIN>24CMUPB4688K1ZE</PARTYGSTIN>
<ALLLEDGERENTRIES.LIST>
<REMOVEZEROENTRIES>No</REMOVEZEROENTRIES>
<ISDEEMEDPOSITIVE>Yes</ISDEEMEDPOSITIVE>
<LEDGERFROMITEM>No</LEDGERFROMITEM>
<LEDGERNAME>SHREEJI PARTS CO</LEDGERNAME>
<AMOUNT>-21942.000</AMOUNT>
<BILLALLOCATIONS.LIST>
<NAME>ALSI009274/19-20</NAME>
<BILLTYPE>New Ref</BILLTYPE>
<AMOUNT>-21942.000</AMOUNT>
</BILLALLOCATIONS.LIST>
</ALLLEDGERENTRIES.LIST>
<ALLLEDGERENTRIES.LIST>
<REMOVEZEROENTRIES>No</REMOVEZEROENTRIES>
<ISDEEMEDPOSITIVE>No</ISDEEMEDPOSITIVE>
<LEDGERFROMITEM>No</LEDGERFROMITEM>
<LEDGERNAME>Container Handling Services-Import-GST</LEDGERNAME>
<AMOUNT>8915.000</AMOUNT>
</ALLLEDGERENTRIES.LIST>
<ALLLEDGERENTRIES.LIST>
<REMOVEZEROENTRIES>No</REMOVEZEROENTRIES>
<ISDEEMEDPOSITIVE>No</ISDEEMEDPOSITIVE>
<LEDGERFROMITEM>No</LEDGERFROMITEM>
<LEDGERNAME>IGST</LEDGERNAME>
<AMOUNT>1604.7000000</AMOUNT>
</ALLLEDGERENTRIES.LIST>
<ALLLEDGERENTRIES.LIST>
<REMOVEZEROENTRIES>No</REMOVEZEROENTRIES>
<ISDEEMEDPOSITIVE>No</ISDEEMEDPOSITIVE>
<LEDGERFROMITEM>No</LEDGERFROMITEM>
<LEDGERNAME>Container Handling Services-Import-GST</LEDGERNAME>
<AMOUNT>1000.000</AMOUNT>
</ALLLEDGERENTRIES.LIST>
<ALLLEDGERENTRIES.LIST>
<REMOVEZEROENTRIES>No</REMOVEZEROENTRIES>
<ISDEEMEDPOSITIVE>No</ISDEEMEDPOSITIVE>
<LEDGERFROMITEM>No</LEDGERFROMITEM>
<LEDGERNAME>IGST</LEDGERNAME>
<AMOUNT>180.0000000</AMOUNT>
</ALLLEDGERENTRIES.LIST>
<ALLLEDGERENTRIES.LIST>
<REMOVEZEROENTRIES>No</REMOVEZEROENTRIES>
<ISDEEMEDPOSITIVE>No</ISDEEMEDPOSITIVE>
<LEDGERFROMITEM>No</LEDGERFROMITEM>
<LEDGERNAME>Other Storage and Warehousing Services-Import-GST</LEDGERNAME>
<AMOUNT>5200.000</AMOUNT>
</ALLLEDGERENTRIES.LIST>
<ALLLEDGERENTRIES.LIST>
<REMOVEZEROENTRIES>No</REMOVEZEROENTRIES>
<ISDEEMEDPOSITIVE>No</ISDEEMEDPOSITIVE>
<LEDGERFROMITEM>No</LEDGERFROMITEM>
<LEDGERNAME>IGST</LEDGERNAME>
<AMOUNT>936.0000000</AMOUNT>
</ALLLEDGERENTRIES.LIST>
<ALLLEDGERENTRIES.LIST>
<REMOVEZEROENTRIES>No</REMOVEZEROENTRIES>
<ISDEEMEDPOSITIVE>No</ISDEEMEDPOSITIVE>
<LEDGERFROMITEM>No</LEDGERFROMITEM>
<LEDGERNAME>Container Handling Services-Import-GST</LEDGERNAME>
<AMOUNT>1200.000</AMOUNT>
</ALLLEDGERENTRIES.LIST>
<ALLLEDGERENTRIES.LIST>
<REMOVEZEROENTRIES>No</REMOVEZEROENTRIES>
<ISDEEMEDPOSITIVE>No</ISDEEMEDPOSITIVE>
<LEDGERFROMITEM>No</LEDGERFROMITEM>
<LEDGERNAME>IGST</LEDGERNAME>
<AMOUNT>216.0000000</AMOUNT>
</ALLLEDGERENTRIES.LIST>
<ALLLEDGERENTRIES.LIST>
<REMOVEZEROENTRIES>No</REMOVEZEROENTRIES>
<ISDEEMEDPOSITIVE>No</ISDEEMEDPOSITIVE>
<LEDGERFROMITEM>No</LEDGERFROMITEM>
<LEDGERNAME>Container Handling Services-Import-GST</LEDGERNAME>
<AMOUNT>50.000</AMOUNT>
</ALLLEDGERENTRIES.LIST>
<ALLLEDGERENTRIES.LIST>
<REMOVEZEROENTRIES>No</REMOVEZEROENTRIES>
<ISDEEMEDPOSITIVE>No</ISDEEMEDPOSITIVE>
<LEDGERFROMITEM>No</LEDGERFROMITEM>
<LEDGERNAME>IGST</LEDGERNAME>
<AMOUNT>9.0000000</AMOUNT>
</ALLLEDGERENTRIES.LIST>
<ALLLEDGERENTRIES.LIST>
<REMOVEZEROENTRIES>No</REMOVEZEROENTRIES>
<ISDEEMEDPOSITIVE>No</ISDEEMEDPOSITIVE>
<LEDGERFROMITEM>No</LEDGERFROMITEM>
<LEDGERNAME>Container Handling Services-Import-GST</LEDGERNAME>
<AMOUNT>30.000</AMOUNT>
</ALLLEDGERENTRIES.LIST>
<ALLLEDGERENTRIES.LIST>
<REMOVEZEROENTRIES>No</REMOVEZEROENTRIES>
<ISDEEMEDPOSITIVE>No</ISDEEMEDPOSITIVE>
<LEDGERFROMITEM>No</LEDGERFROMITEM>
<LEDGERNAME>IGST</LEDGERNAME>
<AMOUNT>5.4000000</AMOUNT>
</ALLLEDGERENTRIES.LIST>
<ALLLEDGERENTRIES.LIST>
<REMOVEZEROENTRIES>No</REMOVEZEROENTRIES>
<ISDEEMEDPOSITIVE>No</ISDEEMEDPOSITIVE>
<LEDGERFROMITEM>No</LEDGERFROMITEM>
<LEDGERNAME>Container Handling Services-Import-GST</LEDGERNAME>
<AMOUNT>400.000</AMOUNT>
</ALLLEDGERENTRIES.LIST>
<ALLLEDGERENTRIES.LIST>
<REMOVEZEROENTRIES>No</REMOVEZEROENTRIES>
<ISDEEMEDPOSITIVE>No</ISDEEMEDPOSITIVE>
<LEDGERFROMITEM>No</LEDGERFROMITEM>
<LEDGERNAME>IGST</LEDGERNAME>
<AMOUNT>72.0000000</AMOUNT>
</ALLLEDGERENTRIES.LIST>
<ALLLEDGERENTRIES.LIST>
<REMOVEZEROENTRIES>No</REMOVEZEROENTRIES>
<ISDEEMEDPOSITIVE>No</ISDEEMEDPOSITIVE>
<LEDGERFROMITEM>No</LEDGERFROMITEM>
<LEDGERNAME>Container Handling Services-Import-GST</LEDGERNAME>
<AMOUNT>1200.000</AMOUNT>
</ALLLEDGERENTRIES.LIST>
<ALLLEDGERENTRIES.LIST>
<REMOVEZEROENTRIES>No</REMOVEZEROENTRIES>
<ISDEEMEDPOSITIVE>No</ISDEEMEDPOSITIVE>
<LEDGERFROMITEM>No</LEDGERFROMITEM>
<LEDGERNAME>IGST</LEDGERNAME>
<AMOUNT>216.0000000</AMOUNT>
</ALLLEDGERENTRIES.LIST>
<ALLLEDGERENTRIES.LIST>
<REMOVEZEROENTRIES>No</REMOVEZEROENTRIES>
<ISDEEMEDPOSITIVE>No</ISDEEMEDPOSITIVE>
<LEDGERFROMITEM>No</LEDGERFROMITEM>
<LEDGERNAME>Container Handling Services-Import-GST</LEDGERNAME>
<AMOUNT>600.000</AMOUNT>
</ALLLEDGERENTRIES.LIST>
<ALLLEDGERENTRIES.LIST>
<REMOVEZEROENTRIES>No</REMOVEZEROENTRIES>
<ISDEEMEDPOSITIVE>No</ISDEEMEDPOSITIVE>
<LEDGERFROMITEM>No</LEDGERFROMITEM>
<LEDGERNAME>IGST</LEDGERNAME>
<AMOUNT>108.0000000</AMOUNT>
</ALLLEDGERENTRIES.LIST>
<ALLLEDGERENTRIES.LIST>
<REMOVEZEROENTRIES>No</REMOVEZEROENTRIES>
<ISDEEMEDPOSITIVE>No</ISDEEMEDPOSITIVE>
<LEDGERFROMITEM>No</LEDGERFROMITEM>
<LEDGERNAME>SHORT AND EXCESS</LEDGERNAME>
<AMOUNT>-0.100</AMOUNT>
</ALLLEDGERENTRIES.LIST>
</VOUCHER>
<VOUCHER>
<ISOPTIONAL>No</ISOPTIONAL>
<USEFORGAINLOSS>No</USEFORGAINLOSS>
<USEFORCOMPOUND>No</USEFORCOMPOUND>
<VOUCHERTYPENAME>Sales-Import-CFSM</VOUCHERTYPENAME>
<DATE>20191105</DATE>
<EFFECTIVEDATE>20191105</EFFECTIVEDATE>
<ISCANCELLED>No</ISCANCELLED>
<USETRACKINGNUMBER>No</USETRACKINGNUMBER>
<ISPOSTDATED>No</ISPOSTDATED>
<ISINVOICE>No</ISINVOICE>
<DIFFACTUALQTY>No</DIFFACTUALQTY>
<VOUCHERNUMBER>ALSI009275/19-20</VOUCHERNUMBER>
<PARTYLEDGERNAME>ULTRA POWERTECH	</PARTYLEDGERNAME>
<STATENAME>Delhi</STATENAME>
<NARRATION>Being amount debited towards IGM No: 2237794, BL NO: 0259612680, Importer: ULTRA POWERTECH, VOY NO: 049, Vessel: WAN HAI 517, LINER: WAN HAI LINE and containers:  1 X 40, Invoice No: ALSI009275/19-20</NARRATION>
<PARTYGSTIN>07AAFFU7816F1Z1</PARTYGSTIN>
<ALLLEDGERENTRIES.LIST>
<REMOVEZEROENTRIES>No</REMOVEZEROENTRIES>
<ISDEEMEDPOSITIVE>Yes</ISDEEMEDPOSITIVE>
<LEDGERFROMITEM>No</LEDGERFROMITEM>
<LEDGERNAME>ULTRA POWERTECH	</LEDGERNAME>
<AMOUNT>-9440.000</AMOUNT>
<BILLALLOCATIONS.LIST>
<NAME>ALSI009275/19-20</NAME>
<BILLTYPE>New Ref</BILLTYPE>
<AMOUNT>-9440.000</AMOUNT>
</BILLALLOCATIONS.LIST>
</ALLLEDGERENTRIES.LIST>
<ALLLEDGERENTRIES.LIST>
<REMOVEZEROENTRIES>No</REMOVEZEROENTRIES>
<ISDEEMEDPOSITIVE>No</ISDEEMEDPOSITIVE>
<LEDGERFROMITEM>No</LEDGERFROMITEM>
<LEDGERNAME>Container Handling Services-Import-GST</LEDGERNAME>
<AMOUNT>8000.000</AMOUNT>
</ALLLEDGERENTRIES.LIST>
<ALLLEDGERENTRIES.LIST>
<REMOVEZEROENTRIES>No</REMOVEZEROENTRIES>
<ISDEEMEDPOSITIVE>No</ISDEEMEDPOSITIVE>
<LEDGERFROMITEM>No</LEDGERFROMITEM>
<LEDGERNAME>IGST</LEDGERNAME>
<AMOUNT>1440.0000000</AMOUNT>
</ALLLEDGERENTRIES.LIST>
<ALLLEDGERENTRIES.LIST>
<REMOVEZEROENTRIES>No</REMOVEZEROENTRIES>
<ISDEEMEDPOSITIVE>No</ISDEEMEDPOSITIVE>
<LEDGERFROMITEM>No</LEDGERFROMITEM>
<LEDGERNAME>SHORT AND EXCESS</LEDGERNAME>
<AMOUNT>0.000</AMOUNT>
</ALLLEDGERENTRIES.LIST>
</VOUCHER>
<VOUCHER>
<ISOPTIONAL>No</ISOPTIONAL>
<USEFORGAINLOSS>No</USEFORGAINLOSS>
<USEFORCOMPOUND>No</USEFORCOMPOUND>
<VOUCHERTYPENAME>Sales-Import-CFSM</VOUCHERTYPENAME>
<DATE>20191105</DATE>
<EFFECTIVEDATE>20191105</EFFECTIVEDATE>
<ISCANCELLED>No</ISCANCELLED>
<USETRACKINGNUMBER>No</USETRACKINGNUMBER>
<ISPOSTDATED>No</ISPOSTDATED>
<ISINVOICE>No</ISINVOICE>
<DIFFACTUALQTY>No</DIFFACTUALQTY>
<VOUCHERNUMBER>ALSI009276/19-20</VOUCHERNUMBER>
<PARTYLEDGERNAME>AAPESHWAR ENTERPRISES</PARTYLEDGERNAME>
<STATENAME>Maharashtra</STATENAME>
<NARRATION>Being amount debited towards IGM No: 2238194, BL NO: 1519504967, Importer: AAPESHWAR ENTERPRISES, VOY NO: 132W, Vessel: XIN MEI ZHOU, LINER: WAN HAI LINE and containers:  1 X 40, Invoice No: ALSI009276/19-20</NARRATION>
<PARTYGSTIN>27EPZPS4176D1Z2</PARTYGSTIN>
<ALLLEDGERENTRIES.LIST>
<REMOVEZEROENTRIES>No</REMOVEZEROENTRIES>
<ISDEEMEDPOSITIVE>Yes</ISDEEMEDPOSITIVE>
<LEDGERFROMITEM>No</LEDGERFROMITEM>
<LEDGERNAME>AAPESHWAR ENTERPRISES</LEDGERNAME>
<AMOUNT>-10620.000</AMOUNT>
<BILLALLOCATIONS.LIST>
<NAME>ALSI009276/19-20</NAME>
<BILLTYPE>New Ref</BILLTYPE>
<AMOUNT>-10620.000</AMOUNT>
</BILLALLOCATIONS.LIST>
</ALLLEDGERENTRIES.LIST>
<ALLLEDGERENTRIES.LIST>
<REMOVEZEROENTRIES>No</REMOVEZEROENTRIES>
<ISDEEMEDPOSITIVE>No</ISDEEMEDPOSITIVE>
<LEDGERFROMITEM>No</LEDGERFROMITEM>
<LEDGERNAME>Container Handling Services-Import-GST</LEDGERNAME>
<AMOUNT>8000.000</AMOUNT>
</ALLLEDGERENTRIES.LIST>
<ALLLEDGERENTRIES.LIST>
<REMOVEZEROENTRIES>No</REMOVEZEROENTRIES>
<ISDEEMEDPOSITIVE>No</ISDEEMEDPOSITIVE>
<LEDGERFROMITEM>No</LEDGERFROMITEM>
<LEDGERNAME>CGST</LEDGERNAME>
<AMOUNT>720.0000000</AMOUNT>
</ALLLEDGERENTRIES.LIST>
<ALLLEDGERENTRIES.LIST>
<REMOVEZEROENTRIES>No</REMOVEZEROENTRIES>
<ISDEEMEDPOSITIVE>No</ISDEEMEDPOSITIVE>
<LEDGERFROMITEM>No</LEDGERFROMITEM>
<LEDGERNAME>SGST</LEDGERNAME>
<AMOUNT>720.0000000</AMOUNT>
</ALLLEDGERENTRIES.LIST>
<ALLLEDGERENTRIES.LIST>
<REMOVEZEROENTRIES>No</REMOVEZEROENTRIES>
<ISDEEMEDPOSITIVE>No</ISDEEMEDPOSITIVE>
<LEDGERFROMITEM>No</LEDGERFROMITEM>
<LEDGERNAME>Container Handling Services-Import-GST</LEDGERNAME>
<AMOUNT>1000.000</AMOUNT>
</ALLLEDGERENTRIES.LIST>
<ALLLEDGERENTRIES.LIST>
<REMOVEZEROENTRIES>No</REMOVEZEROENTRIES>
<ISDEEMEDPOSITIVE>No</ISDEEMEDPOSITIVE>
<LEDGERFROMITEM>No</LEDGERFROMITEM>
<LEDGERNAME>CGST</LEDGERNAME>
<AMOUNT>90.0000000</AMOUNT>
</ALLLEDGERENTRIES.LIST>
<ALLLEDGERENTRIES.LIST>
<REMOVEZEROENTRIES>No</REMOVEZEROENTRIES>
<ISDEEMEDPOSITIVE>No</ISDEEMEDPOSITIVE>
<LEDGERFROMITEM>No</LEDGERFROMITEM>
<LEDGERNAME>SGST</LEDGERNAME>
<AMOUNT>90.0000000</AMOUNT>
</ALLLEDGERENTRIES.LIST>
<ALLLEDGERENTRIES.LIST>
<REMOVEZEROENTRIES>No</REMOVEZEROENTRIES>
<ISDEEMEDPOSITIVE>No</ISDEEMEDPOSITIVE>
<LEDGERFROMITEM>No</LEDGERFROMITEM>
<LEDGERNAME>SHORT AND EXCESS</LEDGERNAME>
<AMOUNT>0.000</AMOUNT>
</ALLLEDGERENTRIES.LIST>
</VOUCHER>
<VOUCHER>
<ISOPTIONAL>No</ISOPTIONAL>
<USEFORGAINLOSS>No</USEFORGAINLOSS>
<USEFORCOMPOUND>No</USEFORCOMPOUND>
<VOUCHERTYPENAME>Sales-Import-CFSM</VOUCHERTYPENAME>
<DATE>20191105</DATE>
<EFFECTIVEDATE>20191105</EFFECTIVEDATE>
<ISCANCELLED>No</ISCANCELLED>
<USETRACKINGNUMBER>No</USETRACKINGNUMBER>
<ISPOSTDATED>No</ISPOSTDATED>
<ISINVOICE>No</ISINVOICE>
<DIFFACTUALQTY>No</DIFFACTUALQTY>
<VOUCHERNUMBER>ALSI009277/19-20</VOUCHERNUMBER>
<PARTYLEDGERNAME>TRIMSON TECHNOLOGY PVT LTD</PARTYLEDGERNAME>
<STATENAME>Delhi</STATENAME>
<NARRATION>Being amount debited towards IGM No: 2238114, BL NO: OOLU2629158120, Importer: TRIMSON TECHNOLOGY PRIVATE, VOY NO: 923, Vessel: ZIM NEWYORK, LINER: OOCLOFFDOCTHC-OOCL Line and containers:  1 X 40, Invoice No: ALSI009277/19-20</NARRATION>
<PARTYGSTIN>07AAGCT2413F1ZO</PARTYGSTIN>
<ALLLEDGERENTRIES.LIST>
<REMOVEZEROENTRIES>No</REMOVEZEROENTRIES>
<ISDEEMEDPOSITIVE>Yes</ISDEEMEDPOSITIVE>
<LEDGERFROMITEM>No</LEDGERFROMITEM>
<LEDGERNAME>TRIMSON TECHNOLOGY PVT LTD</LEDGERNAME>
<AMOUNT>-9440.000</AMOUNT>
<BILLALLOCATIONS.LIST>
<NAME>ALSI009277/19-20</NAME>
<BILLTYPE>New Ref</BILLTYPE>
<AMOUNT>-9440.000</AMOUNT>
</BILLALLOCATIONS.LIST>
</ALLLEDGERENTRIES.LIST>
<ALLLEDGERENTRIES.LIST>
<REMOVEZEROENTRIES>No</REMOVEZEROENTRIES>
<ISDEEMEDPOSITIVE>No</ISDEEMEDPOSITIVE>
<LEDGERFROMITEM>No</LEDGERFROMITEM>
<LEDGERNAME>Container Handling Services-Import-GST</LEDGERNAME>
<AMOUNT>8000.000</AMOUNT>
</ALLLEDGERENTRIES.LIST>
<ALLLEDGERENTRIES.LIST>
<REMOVEZEROENTRIES>No</REMOVEZEROENTRIES>
<ISDEEMEDPOSITIVE>No</ISDEEMEDPOSITIVE>
<LEDGERFROMITEM>No</LEDGERFROMITEM>
<LEDGERNAME>IGST</LEDGERNAME>
<AMOUNT>1440.0000000</AMOUNT>
</ALLLEDGERENTRIES.LIST>
<ALLLEDGERENTRIES.LIST>
<REMOVEZEROENTRIES>No</REMOVEZEROENTRIES>
<ISDEEMEDPOSITIVE>No</ISDEEMEDPOSITIVE>
<LEDGERFROMITEM>No</LEDGERFROMITEM>
<LEDGERNAME>SHORT AND EXCESS</LEDGERNAME>
<AMOUNT>0.000</AMOUNT>
</ALLLEDGERENTRIES.LIST>
</VOUCHER>
<VOUCHER>
<ISOPTIONAL>No</ISOPTIONAL>
<USEFORGAINLOSS>No</USEFORGAINLOSS>
<USEFORCOMPOUND>No</USEFORCOMPOUND>
<VOUCHERTYPENAME>Sales-Import-CFSM</VOUCHERTYPENAME>
<DATE>20191105</DATE>
<EFFECTIVEDATE>20191105</EFFECTIVEDATE>
<ISCANCELLED>No</ISCANCELLED>
<USETRACKINGNUMBER>No</USETRACKINGNUMBER>
<ISPOSTDATED>No</ISPOSTDATED>
<ISINVOICE>No</ISINVOICE>
<DIFFACTUALQTY>No</DIFFACTUALQTY>
<VOUCHERNUMBER>ALSI009278/19-20</VOUCHERNUMBER>
<PARTYLEDGERNAME>SHIV TRADERS</PARTYLEDGERNAME>
<STATENAME>Delhi</STATENAME>
<NARRATION>Being amount debited towards IGM No: 2237767, BL NO: 1329508586, Importer: SHIV TRADERS, VOY NO: 135, Vessel: ITAL MASSIMA, LINER: WAN HAI LINE and containers:  2 X 40, Invoice No: ALSI009278/19-20</NARRATION>
<PARTYGSTIN>07ALBPG5634N1ZY</PARTYGSTIN>
<ALLLEDGERENTRIES.LIST>
<REMOVEZEROENTRIES>No</REMOVEZEROENTRIES>
<ISDEEMEDPOSITIVE>Yes</ISDEEMEDPOSITIVE>
<LEDGERFROMITEM>No</LEDGERFROMITEM>
<LEDGERNAME>SHIV TRADERS</LEDGERNAME>
<AMOUNT>-24190.000</AMOUNT>
<BILLALLOCATIONS.LIST>
<NAME>ALSI009278/19-20</NAME>
<BILLTYPE>New Ref</BILLTYPE>
<AMOUNT>-24190.000</AMOUNT>
</BILLALLOCATIONS.LIST>
</ALLLEDGERENTRIES.LIST>
<ALLLEDGERENTRIES.LIST>
<REMOVEZEROENTRIES>No</REMOVEZEROENTRIES>
<ISDEEMEDPOSITIVE>No</ISDEEMEDPOSITIVE>
<LEDGERFROMITEM>No</LEDGERFROMITEM>
<LEDGERNAME>Container Handling Services-Import-GST</LEDGERNAME>
<AMOUNT>16000.000</AMOUNT>
</ALLLEDGERENTRIES.LIST>
<ALLLEDGERENTRIES.LIST>
<REMOVEZEROENTRIES>No</REMOVEZEROENTRIES>
<ISDEEMEDPOSITIVE>No</ISDEEMEDPOSITIVE>
<LEDGERFROMITEM>No</LEDGERFROMITEM>
<LEDGERNAME>IGST</LEDGERNAME>
<AMOUNT>2880.0000000</AMOUNT>
</ALLLEDGERENTRIES.LIST>
<ALLLEDGERENTRIES.LIST>
<REMOVEZEROENTRIES>No</REMOVEZEROENTRIES>
<ISDEEMEDPOSITIVE>No</ISDEEMEDPOSITIVE>
<LEDGERFROMITEM>No</LEDGERFROMITEM>
<LEDGERNAME>Container Handling Services-Import-GST</LEDGERNAME>
<AMOUNT>4500.000</AMOUNT>
</ALLLEDGERENTRIES.LIST>
<ALLLEDGERENTRIES.LIST>
<REMOVEZEROENTRIES>No</REMOVEZEROENTRIES>
<ISDEEMEDPOSITIVE>No</ISDEEMEDPOSITIVE>
<LEDGERFROMITEM>No</LEDGERFROMITEM>
<LEDGERNAME>IGST</LEDGERNAME>
<AMOUNT>810.0000000</AMOUNT>
</ALLLEDGERENTRIES.LIST>
<ALLLEDGERENTRIES.LIST>
<REMOVEZEROENTRIES>No</REMOVEZEROENTRIES>
<ISDEEMEDPOSITIVE>No</ISDEEMEDPOSITIVE>
<LEDGERFROMITEM>No</LEDGERFROMITEM>
<LEDGERNAME>SHORT AND EXCESS</LEDGERNAME>
<AMOUNT>0.000</AMOUNT>
</ALLLEDGERENTRIES.LIST>
</VOUCHER>
<VOUCHER>
<ISOPTIONAL>No</ISOPTIONAL>
<USEFORGAINLOSS>No</USEFORGAINLOSS>
<USEFORCOMPOUND>No</USEFORCOMPOUND>
<VOUCHERTYPENAME>Sales-Import-CFSM</VOUCHERTYPENAME>
<DATE>20191105</DATE>
<EFFECTIVEDATE>20191105</EFFECTIVEDATE>
<ISCANCELLED>No</ISCANCELLED>
<USETRACKINGNUMBER>No</USETRACKINGNUMBER>
<ISPOSTDATED>No</ISPOSTDATED>
<ISINVOICE>No</ISINVOICE>
<DIFFACTUALQTY>No</DIFFACTUALQTY>
<VOUCHERNUMBER>ALSI009279/19-20</VOUCHERNUMBER>
<PARTYLEDGERNAME>MANMOHAN SINGH MARKETING</PARTYLEDGERNAME>
<STATENAME>Madya Pradesh</STATENAME>
<NARRATION>Being amount debited towards IGM No: 2236441, BL NO: OOLU2626847060, Importer: MANMOHAN SINGH, VOY NO: 937W, Vessel: MAERSK SHIVLING, LINER: OOCLOFFDOCTHC-OOCL Line and containers:  1 X 40, Invoice No: ALSI009279/19-20</NARRATION>
<PARTYGSTIN>23AAECM0874H1ZM</PARTYGSTIN>
<ALLLEDGERENTRIES.LIST>
<REMOVEZEROENTRIES>No</REMOVEZEROENTRIES>
<ISDEEMEDPOSITIVE>Yes</ISDEEMEDPOSITIVE>
<LEDGERFROMITEM>No</LEDGERFROMITEM>
<LEDGERNAME>MANMOHAN SINGH MARKETING</LEDGERNAME>
<AMOUNT>-95969.000</AMOUNT>
<BILLALLOCATIONS.LIST>
<NAME>ALSI009279/19-20</NAME>
<BILLTYPE>New Ref</BILLTYPE>
<AMOUNT>-95969.000</AMOUNT>
</BILLALLOCATIONS.LIST>
</ALLLEDGERENTRIES.LIST>
<ALLLEDGERENTRIES.LIST>
<REMOVEZEROENTRIES>No</REMOVEZEROENTRIES>
<ISDEEMEDPOSITIVE>No</ISDEEMEDPOSITIVE>
<LEDGERFROMITEM>No</LEDGERFROMITEM>
<LEDGERNAME>Container Handling Services-Import-GST</LEDGERNAME>
<AMOUNT>11530.000</AMOUNT>
</ALLLEDGERENTRIES.LIST>
<ALLLEDGERENTRIES.LIST>
<REMOVEZEROENTRIES>No</REMOVEZEROENTRIES>
<ISDEEMEDPOSITIVE>No</ISDEEMEDPOSITIVE>
<LEDGERFROMITEM>No</LEDGERFROMITEM>
<LEDGERNAME>IGST</LEDGERNAME>
<AMOUNT>2075.4000000</AMOUNT>
</ALLLEDGERENTRIES.LIST>
<ALLLEDGERENTRIES.LIST>
<REMOVEZEROENTRIES>No</REMOVEZEROENTRIES>
<ISDEEMEDPOSITIVE>No</ISDEEMEDPOSITIVE>
<LEDGERFROMITEM>No</LEDGERFROMITEM>
<LEDGERNAME>Container Handling Services-Import-GST</LEDGERNAME>
<AMOUNT>2000.000</AMOUNT>
</ALLLEDGERENTRIES.LIST>
<ALLLEDGERENTRIES.LIST>
<REMOVEZEROENTRIES>No</REMOVEZEROENTRIES>
<ISDEEMEDPOSITIVE>No</ISDEEMEDPOSITIVE>
<LEDGERFROMITEM>No</LEDGERFROMITEM>
<LEDGERNAME>IGST</LEDGERNAME>
<AMOUNT>360.0000000</AMOUNT>
</ALLLEDGERENTRIES.LIST>
<ALLLEDGERENTRIES.LIST>
<REMOVEZEROENTRIES>No</REMOVEZEROENTRIES>
<ISDEEMEDPOSITIVE>No</ISDEEMEDPOSITIVE>
<LEDGERFROMITEM>No</LEDGERFROMITEM>
<LEDGERNAME>Other Storage and Warehousing Services-Import-GST</LEDGERNAME>
<AMOUNT>45700.000</AMOUNT>
</ALLLEDGERENTRIES.LIST>
<ALLLEDGERENTRIES.LIST>
<REMOVEZEROENTRIES>No</REMOVEZEROENTRIES>
<ISDEEMEDPOSITIVE>No</ISDEEMEDPOSITIVE>
<LEDGERFROMITEM>No</LEDGERFROMITEM>
<LEDGERNAME>IGST</LEDGERNAME>
<AMOUNT>8226.0000000</AMOUNT>
</ALLLEDGERENTRIES.LIST>
<ALLLEDGERENTRIES.LIST>
<REMOVEZEROENTRIES>No</REMOVEZEROENTRIES>
<ISDEEMEDPOSITIVE>No</ISDEEMEDPOSITIVE>
<LEDGERFROMITEM>No</LEDGERFROMITEM>
<LEDGERNAME>Container Handling Services-Import-GST</LEDGERNAME>
<AMOUNT>1650.000</AMOUNT>
</ALLLEDGERENTRIES.LIST>
<ALLLEDGERENTRIES.LIST>
<REMOVEZEROENTRIES>No</REMOVEZEROENTRIES>
<ISDEEMEDPOSITIVE>No</ISDEEMEDPOSITIVE>
<LEDGERFROMITEM>No</LEDGERFROMITEM>
<LEDGERNAME>IGST</LEDGERNAME>
<AMOUNT>297.0000000</AMOUNT>
</ALLLEDGERENTRIES.LIST>
<ALLLEDGERENTRIES.LIST>
<REMOVEZEROENTRIES>No</REMOVEZEROENTRIES>
<ISDEEMEDPOSITIVE>No</ISDEEMEDPOSITIVE>
<LEDGERFROMITEM>No</LEDGERFROMITEM>
<LEDGERNAME>Container Handling Services-Import-GST</LEDGERNAME>
<AMOUNT>2400.000</AMOUNT>
</ALLLEDGERENTRIES.LIST>
<ALLLEDGERENTRIES.LIST>
<REMOVEZEROENTRIES>No</REMOVEZEROENTRIES>
<ISDEEMEDPOSITIVE>No</ISDEEMEDPOSITIVE>
<LEDGERFROMITEM>No</LEDGERFROMITEM>
<LEDGERNAME>IGST</LEDGERNAME>
<AMOUNT>432.0000000</AMOUNT>
</ALLLEDGERENTRIES.LIST>
<ALLLEDGERENTRIES.LIST>
<REMOVEZEROENTRIES>No</REMOVEZEROENTRIES>
<ISDEEMEDPOSITIVE>No</ISDEEMEDPOSITIVE>
<LEDGERFROMITEM>No</LEDGERFROMITEM>
<LEDGERNAME>Container Handling Services-Import-GST</LEDGERNAME>
<AMOUNT>50.000</AMOUNT>
</ALLLEDGERENTRIES.LIST>
<ALLLEDGERENTRIES.LIST>
<REMOVEZEROENTRIES>No</REMOVEZEROENTRIES>
<ISDEEMEDPOSITIVE>No</ISDEEMEDPOSITIVE>
<LEDGERFROMITEM>No</LEDGERFROMITEM>
<LEDGERNAME>IGST</LEDGERNAME>
<AMOUNT>9.0000000</AMOUNT>
</ALLLEDGERENTRIES.LIST>
<ALLLEDGERENTRIES.LIST>
<REMOVEZEROENTRIES>No</REMOVEZEROENTRIES>
<ISDEEMEDPOSITIVE>No</ISDEEMEDPOSITIVE>
<LEDGERFROMITEM>No</LEDGERFROMITEM>
<LEDGERNAME>Container Handling Services-Import-GST</LEDGERNAME>
<AMOUNT>4000.000</AMOUNT>
</ALLLEDGERENTRIES.LIST>
<ALLLEDGERENTRIES.LIST>
<REMOVEZEROENTRIES>No</REMOVEZEROENTRIES>
<ISDEEMEDPOSITIVE>No</ISDEEMEDPOSITIVE>
<LEDGERFROMITEM>No</LEDGERFROMITEM>
<LEDGERNAME>IGST</LEDGERNAME>
<AMOUNT>720.0000000</AMOUNT>
</ALLLEDGERENTRIES.LIST>
<ALLLEDGERENTRIES.LIST>
<REMOVEZEROENTRIES>No</REMOVEZEROENTRIES>
<ISDEEMEDPOSITIVE>No</ISDEEMEDPOSITIVE>
<LEDGERFROMITEM>No</LEDGERFROMITEM>
<LEDGERNAME>Container Handling Services-Import-GST</LEDGERNAME>
<AMOUNT>5000.000</AMOUNT>
</ALLLEDGERENTRIES.LIST>
<ALLLEDGERENTRIES.LIST>
<REMOVEZEROENTRIES>No</REMOVEZEROENTRIES>
<ISDEEMEDPOSITIVE>No</ISDEEMEDPOSITIVE>
<LEDGERFROMITEM>No</LEDGERFROMITEM>
<LEDGERNAME>IGST</LEDGERNAME>
<AMOUNT>900.0000000</AMOUNT>
</ALLLEDGERENTRIES.LIST>
<ALLLEDGERENTRIES.LIST>
<REMOVEZEROENTRIES>No</REMOVEZEROENTRIES>
<ISDEEMEDPOSITIVE>No</ISDEEMEDPOSITIVE>
<LEDGERFROMITEM>No</LEDGERFROMITEM>
<LEDGERNAME>Container Handling Services-Import-GST</LEDGERNAME>
<AMOUNT>400.000</AMOUNT>
</ALLLEDGERENTRIES.LIST>
<ALLLEDGERENTRIES.LIST>
<REMOVEZEROENTRIES>No</REMOVEZEROENTRIES>
<ISDEEMEDPOSITIVE>No</ISDEEMEDPOSITIVE>
<LEDGERFROMITEM>No</LEDGERFROMITEM>
<LEDGERNAME>IGST</LEDGERNAME>
<AMOUNT>72.0000000</AMOUNT>
</ALLLEDGERENTRIES.LIST>
<ALLLEDGERENTRIES.LIST>
<REMOVEZEROENTRIES>No</REMOVEZEROENTRIES>
<ISDEEMEDPOSITIVE>No</ISDEEMEDPOSITIVE>
<LEDGERFROMITEM>No</LEDGERFROMITEM>
<LEDGERNAME>Container Handling Services-Import-GST</LEDGERNAME>
<AMOUNT>5000.000</AMOUNT>
</ALLLEDGERENTRIES.LIST>
<ALLLEDGERENTRIES.LIST>
<REMOVEZEROENTRIES>No</REMOVEZEROENTRIES>
<ISDEEMEDPOSITIVE>No</ISDEEMEDPOSITIVE>
<LEDGERFROMITEM>No</LEDGERFROMITEM>
<LEDGERNAME>IGST</LEDGERNAME>
<AMOUNT>900.0000000</AMOUNT>
</ALLLEDGERENTRIES.LIST>
<ALLLEDGERENTRIES.LIST>
<REMOVEZEROENTRIES>No</REMOVEZEROENTRIES>
<ISDEEMEDPOSITIVE>No</ISDEEMEDPOSITIVE>
<LEDGERFROMITEM>No</LEDGERFROMITEM>
<LEDGERNAME>Container Handling Services-Import-GST</LEDGERNAME>
<AMOUNT>2400.000</AMOUNT>
</ALLLEDGERENTRIES.LIST>
<ALLLEDGERENTRIES.LIST>
<REMOVEZEROENTRIES>No</REMOVEZEROENTRIES>
<ISDEEMEDPOSITIVE>No</ISDEEMEDPOSITIVE>
<LEDGERFROMITEM>No</LEDGERFROMITEM>
<LEDGERNAME>IGST</LEDGERNAME>
<AMOUNT>432.0000000</AMOUNT>
</ALLLEDGERENTRIES.LIST>
<ALLLEDGERENTRIES.LIST>
<REMOVEZEROENTRIES>No</REMOVEZEROENTRIES>
<ISDEEMEDPOSITIVE>No</ISDEEMEDPOSITIVE>
<LEDGERFROMITEM>No</LEDGERFROMITEM>
<LEDGERNAME>Container Handling Services-Import-GST</LEDGERNAME>
<AMOUNT>1200.000</AMOUNT>
</ALLLEDGERENTRIES.LIST>
<ALLLEDGERENTRIES.LIST>
<REMOVEZEROENTRIES>No</REMOVEZEROENTRIES>
<ISDEEMEDPOSITIVE>No</ISDEEMEDPOSITIVE>
<LEDGERFROMITEM>No</LEDGERFROMITEM>
<LEDGERNAME>IGST</LEDGERNAME>
<AMOUNT>216.0000000</AMOUNT>
</ALLLEDGERENTRIES.LIST>
<ALLLEDGERENTRIES.LIST>
<REMOVEZEROENTRIES>No</REMOVEZEROENTRIES>
<ISDEEMEDPOSITIVE>No</ISDEEMEDPOSITIVE>
<LEDGERFROMITEM>No</LEDGERFROMITEM>
<LEDGERNAME>SHORT AND EXCESS</LEDGERNAME>
<AMOUNT>-0.400</AMOUNT>
</ALLLEDGERENTRIES.LIST>
</VOUCHER>
<VOUCHER>
<ISOPTIONAL>No</ISOPTIONAL>
<USEFORGAINLOSS>No</USEFORGAINLOSS>
<USEFORCOMPOUND>No</USEFORCOMPOUND>
<VOUCHERTYPENAME>Sales-Import-CFSM</VOUCHERTYPENAME>
<DATE>20191105</DATE>
<EFFECTIVEDATE>20191105</EFFECTIVEDATE>
<ISCANCELLED>No</ISCANCELLED>
<USETRACKINGNUMBER>No</USETRACKINGNUMBER>
<ISPOSTDATED>No</ISPOSTDATED>
<ISINVOICE>No</ISINVOICE>
<DIFFACTUALQTY>No</DIFFACTUALQTY>
<VOUCHERNUMBER>ALSI009280/19-20</VOUCHERNUMBER>
<PARTYLEDGERNAME>VARDHMAN YARNS AND THREADS LTD</PARTYLEDGERNAME>
<STATENAME>Punjab</STATENAME>
<NARRATION>Being amount debited towards IGM No: 2238194, BL NO: COAU7044949430, Importer: VARDHMAN YARNS AND THREADS LTD, VOY NO: 132W, Vessel: XIN MEI ZHOU, LINER: Cosco(OffdocTHC) Shipping Line and containers:  1 X 20, Invoice No: ALSI009280/19-20</NARRATION>
<PARTYGSTIN>03AACCV2554K1ZD</PARTYGSTIN>
<ALLLEDGERENTRIES.LIST>
<REMOVEZEROENTRIES>No</REMOVEZEROENTRIES>
<ISDEEMEDPOSITIVE>Yes</ISDEEMEDPOSITIVE>
<LEDGERFROMITEM>No</LEDGERFROMITEM>
<LEDGERNAME>VARDHMAN YARNS AND THREADS LTD</LEDGERNAME>
<AMOUNT>-23471.000</AMOUNT>
<BILLALLOCATIONS.LIST>
<NAME>ALSI009280/19-20</NAME>
<BILLTYPE>New Ref</BILLTYPE>
<AMOUNT>-23471.000</AMOUNT>
</BILLALLOCATIONS.LIST>
</ALLLEDGERENTRIES.LIST>
<ALLLEDGERENTRIES.LIST>
<REMOVEZEROENTRIES>No</REMOVEZEROENTRIES>
<ISDEEMEDPOSITIVE>No</ISDEEMEDPOSITIVE>
<LEDGERFROMITEM>No</LEDGERFROMITEM>
<LEDGERNAME>Container Handling Services-Import-GST</LEDGERNAME>
<AMOUNT>8715.000</AMOUNT>
</ALLLEDGERENTRIES.LIST>
<ALLLEDGERENTRIES.LIST>
<REMOVEZEROENTRIES>No</REMOVEZEROENTRIES>
<ISDEEMEDPOSITIVE>No</ISDEEMEDPOSITIVE>
<LEDGERFROMITEM>No</LEDGERFROMITEM>
<LEDGERNAME>IGST</LEDGERNAME>
<AMOUNT>1568.7000000</AMOUNT>
</ALLLEDGERENTRIES.LIST>
<ALLLEDGERENTRIES.LIST>
<REMOVEZEROENTRIES>No</REMOVEZEROENTRIES>
<ISDEEMEDPOSITIVE>No</ISDEEMEDPOSITIVE>
<LEDGERFROMITEM>No</LEDGERFROMITEM>
<LEDGERNAME>Other Storage and Warehousing Services-Import-GST</LEDGERNAME>
<AMOUNT>1100.000</AMOUNT>
</ALLLEDGERENTRIES.LIST>
<ALLLEDGERENTRIES.LIST>
<REMOVEZEROENTRIES>No</REMOVEZEROENTRIES>
<ISDEEMEDPOSITIVE>No</ISDEEMEDPOSITIVE>
<LEDGERFROMITEM>No</LEDGERFROMITEM>
<LEDGERNAME>IGST</LEDGERNAME>
<AMOUNT>198.0000000</AMOUNT>
</ALLLEDGERENTRIES.LIST>
<ALLLEDGERENTRIES.LIST>
<REMOVEZEROENTRIES>No</REMOVEZEROENTRIES>
<ISDEEMEDPOSITIVE>No</ISDEEMEDPOSITIVE>
<LEDGERFROMITEM>No</LEDGERFROMITEM>
<LEDGERNAME>Container Handling Services-Import-GST</LEDGERNAME>
<AMOUNT>286.000</AMOUNT>
</ALLLEDGERENTRIES.LIST>
<ALLLEDGERENTRIES.LIST>
<REMOVEZEROENTRIES>No</REMOVEZEROENTRIES>
<ISDEEMEDPOSITIVE>No</ISDEEMEDPOSITIVE>
<LEDGERFROMITEM>No</LEDGERFROMITEM>
<LEDGERNAME>IGST</LEDGERNAME>
<AMOUNT>51.4800000</AMOUNT>
</ALLLEDGERENTRIES.LIST>
<ALLLEDGERENTRIES.LIST>
<REMOVEZEROENTRIES>No</REMOVEZEROENTRIES>
<ISDEEMEDPOSITIVE>No</ISDEEMEDPOSITIVE>
<LEDGERFROMITEM>No</LEDGERFROMITEM>
<LEDGERNAME>Container Handling Services-Import-GST</LEDGERNAME>
<AMOUNT>1200.000</AMOUNT>
</ALLLEDGERENTRIES.LIST>
<ALLLEDGERENTRIES.LIST>
<REMOVEZEROENTRIES>No</REMOVEZEROENTRIES>
<ISDEEMEDPOSITIVE>No</ISDEEMEDPOSITIVE>
<LEDGERFROMITEM>No</LEDGERFROMITEM>
<LEDGERNAME>IGST</LEDGERNAME>
<AMOUNT>216.0000000</AMOUNT>
</ALLLEDGERENTRIES.LIST>
<ALLLEDGERENTRIES.LIST>
<REMOVEZEROENTRIES>No</REMOVEZEROENTRIES>
<ISDEEMEDPOSITIVE>No</ISDEEMEDPOSITIVE>
<LEDGERFROMITEM>No</LEDGERFROMITEM>
<LEDGERNAME>Container Handling Services-Import-GST</LEDGERNAME>
<AMOUNT>50.000</AMOUNT>
</ALLLEDGERENTRIES.LIST>
<ALLLEDGERENTRIES.LIST>
<REMOVEZEROENTRIES>No</REMOVEZEROENTRIES>
<ISDEEMEDPOSITIVE>No</ISDEEMEDPOSITIVE>
<LEDGERFROMITEM>No</LEDGERFROMITEM>
<LEDGERNAME>IGST</LEDGERNAME>
<AMOUNT>9.0000000</AMOUNT>
</ALLLEDGERENTRIES.LIST>
<ALLLEDGERENTRIES.LIST>
<REMOVEZEROENTRIES>No</REMOVEZEROENTRIES>
<ISDEEMEDPOSITIVE>No</ISDEEMEDPOSITIVE>
<LEDGERFROMITEM>No</LEDGERFROMITEM>
<LEDGERNAME>Container Handling Services-Import-GST</LEDGERNAME>
<AMOUNT>400.000</AMOUNT>
</ALLLEDGERENTRIES.LIST>
<ALLLEDGERENTRIES.LIST>
<REMOVEZEROENTRIES>No</REMOVEZEROENTRIES>
<ISDEEMEDPOSITIVE>No</ISDEEMEDPOSITIVE>
<LEDGERFROMITEM>No</LEDGERFROMITEM>
<LEDGERNAME>IGST</LEDGERNAME>
<AMOUNT>72.0000000</AMOUNT>
</ALLLEDGERENTRIES.LIST>
<ALLLEDGERENTRIES.LIST>
<REMOVEZEROENTRIES>No</REMOVEZEROENTRIES>
<ISDEEMEDPOSITIVE>No</ISDEEMEDPOSITIVE>
<LEDGERFROMITEM>No</LEDGERFROMITEM>
<LEDGERNAME>Container Handling Services-Import-GST</LEDGERNAME>
<AMOUNT>1200.000</AMOUNT>
</ALLLEDGERENTRIES.LIST>
<ALLLEDGERENTRIES.LIST>
<REMOVEZEROENTRIES>No</REMOVEZEROENTRIES>
<ISDEEMEDPOSITIVE>No</ISDEEMEDPOSITIVE>
<LEDGERFROMITEM>No</LEDGERFROMITEM>
<LEDGERNAME>IGST</LEDGERNAME>
<AMOUNT>216.0000000</AMOUNT>
</ALLLEDGERENTRIES.LIST>
<ALLLEDGERENTRIES.LIST>
<REMOVEZEROENTRIES>No</REMOVEZEROENTRIES>
<ISDEEMEDPOSITIVE>No</ISDEEMEDPOSITIVE>
<LEDGERFROMITEM>No</LEDGERFROMITEM>
<LEDGERNAME>Container Handling Services-Import-GST</LEDGERNAME>
<AMOUNT>6340.000</AMOUNT>
</ALLLEDGERENTRIES.LIST>
<ALLLEDGERENTRIES.LIST>
<REMOVEZEROENTRIES>No</REMOVEZEROENTRIES>
<ISDEEMEDPOSITIVE>No</ISDEEMEDPOSITIVE>
<LEDGERFROMITEM>No</LEDGERFROMITEM>
<LEDGERNAME>IGST</LEDGERNAME>
<AMOUNT>1141.2000000</AMOUNT>
</ALLLEDGERENTRIES.LIST>
<ALLLEDGERENTRIES.LIST>
<REMOVEZEROENTRIES>No</REMOVEZEROENTRIES>
<ISDEEMEDPOSITIVE>No</ISDEEMEDPOSITIVE>
<LEDGERFROMITEM>No</LEDGERFROMITEM>
<LEDGERNAME>Container Handling Services-Import-GST</LEDGERNAME>
<AMOUNT>600.000</AMOUNT>
</ALLLEDGERENTRIES.LIST>
<ALLLEDGERENTRIES.LIST>
<REMOVEZEROENTRIES>No</REMOVEZEROENTRIES>
<ISDEEMEDPOSITIVE>No</ISDEEMEDPOSITIVE>
<LEDGERFROMITEM>No</LEDGERFROMITEM>
<LEDGERNAME>IGST</LEDGERNAME>
<AMOUNT>108.0000000</AMOUNT>
</ALLLEDGERENTRIES.LIST>
<ALLLEDGERENTRIES.LIST>
<REMOVEZEROENTRIES>No</REMOVEZEROENTRIES>
<ISDEEMEDPOSITIVE>No</ISDEEMEDPOSITIVE>
<LEDGERFROMITEM>No</LEDGERFROMITEM>
<LEDGERNAME>SHORT AND EXCESS</LEDGERNAME>
<AMOUNT>-0.380</AMOUNT>
</ALLLEDGERENTRIES.LIST>
</VOUCHER>
<VOUCHER>
<ISOPTIONAL>No</ISOPTIONAL>
<USEFORGAINLOSS>No</USEFORGAINLOSS>
<USEFORCOMPOUND>No</USEFORCOMPOUND>
<VOUCHERTYPENAME>Sales-Import-CFSM</VOUCHERTYPENAME>
<DATE>20191105</DATE>
<EFFECTIVEDATE>20191105</EFFECTIVEDATE>
<ISCANCELLED>No</ISCANCELLED>
<USETRACKINGNUMBER>No</USETRACKINGNUMBER>
<ISPOSTDATED>No</ISPOSTDATED>
<ISINVOICE>No</ISINVOICE>
<DIFFACTUALQTY>No</DIFFACTUALQTY>
<VOUCHERNUMBER>ALSI009281/19-20</VOUCHERNUMBER>
<PARTYLEDGERNAME>SUNSUN ETECHNOLOGIES PVT LTD </PARTYLEDGERNAME>
<STATENAME>Delhi</STATENAME>
<NARRATION>Being amount debited towards IGM No: 2237569, BL NO: HDMUNXAY0611911, Importer: SUNSUN ETECHNOLOGIES PRIVATE, VOY NO: 119, Vessel: HYUNDAI BUSAN, LINER: HYUNDAI MERCHANT MARINE INDIA PRIVATE LIMITED and containers:  1 X 40, Invoice No: ALSI009281/19-20</NARRATION>
<PARTYGSTIN>07AATCS6078E1ZT</PARTYGSTIN>
<ALLLEDGERENTRIES.LIST>
<REMOVEZEROENTRIES>No</REMOVEZEROENTRIES>
<ISDEEMEDPOSITIVE>Yes</ISDEEMEDPOSITIVE>
<LEDGERFROMITEM>No</LEDGERFROMITEM>
<LEDGERNAME>SUNSUN ETECHNOLOGIES PVT LTD </LEDGERNAME>
<AMOUNT>-9440.000</AMOUNT>
<BILLALLOCATIONS.LIST>
<NAME>ALSI009281/19-20</NAME>
<BILLTYPE>New Ref</BILLTYPE>
<AMOUNT>-9440.000</AMOUNT>
</BILLALLOCATIONS.LIST>
</ALLLEDGERENTRIES.LIST>
<ALLLEDGERENTRIES.LIST>
<REMOVEZEROENTRIES>No</REMOVEZEROENTRIES>
<ISDEEMEDPOSITIVE>No</ISDEEMEDPOSITIVE>
<LEDGERFROMITEM>No</LEDGERFROMITEM>
<LEDGERNAME>Container Handling Services-Import-GST</LEDGERNAME>
<AMOUNT>8000.000</AMOUNT>
</ALLLEDGERENTRIES.LIST>
<ALLLEDGERENTRIES.LIST>
<REMOVEZEROENTRIES>No</REMOVEZEROENTRIES>
<ISDEEMEDPOSITIVE>No</ISDEEMEDPOSITIVE>
<LEDGERFROMITEM>No</LEDGERFROMITEM>
<LEDGERNAME>IGST</LEDGERNAME>
<AMOUNT>1440.0000000</AMOUNT>
</ALLLEDGERENTRIES.LIST>
<ALLLEDGERENTRIES.LIST>
<REMOVEZEROENTRIES>No</REMOVEZEROENTRIES>
<ISDEEMEDPOSITIVE>No</ISDEEMEDPOSITIVE>
<LEDGERFROMITEM>No</LEDGERFROMITEM>
<LEDGERNAME>SHORT AND EXCESS</LEDGERNAME>
<AMOUNT>0.000</AMOUNT>
</ALLLEDGERENTRIES.LIST>
</VOUCHER>
<VOUCHER>
<ISOPTIONAL>No</ISOPTIONAL>
<USEFORGAINLOSS>No</USEFORGAINLOSS>
<USEFORCOMPOUND>No</USEFORCOMPOUND>
<VOUCHERTYPENAME>Sales-Import-CFSM</VOUCHERTYPENAME>
<DATE>20191105</DATE>
<EFFECTIVEDATE>20191105</EFFECTIVEDATE>
<ISCANCELLED>No</ISCANCELLED>
<USETRACKINGNUMBER>No</USETRACKINGNUMBER>
<ISPOSTDATED>No</ISPOSTDATED>
<ISINVOICE>No</ISINVOICE>
<DIFFACTUALQTY>No</DIFFACTUALQTY>
<VOUCHERNUMBER>ALSI009283/19-20</VOUCHERNUMBER>
<PARTYLEDGERNAME>HINDCHEM CORPORATION</PARTYLEDGERNAME>
<STATENAME>Maharashtra</STATENAME>
<NARRATION>Being amount debited towards IGM No: 2237375, BL NO: EGLV153907008817, Importer: HINDCHEM CORPORATION, VOY NO: 12E, Vessel: IAN H, LINER: EVERGREEN SHIPPING AGENCY (INDIA) PVT.LTD. and containers:  2 X 20, Invoice No: ALSI009283/19-20</NARRATION>
<PARTYGSTIN>27AETPD6011K1ZD</PARTYGSTIN>
<ALLLEDGERENTRIES.LIST>
<REMOVEZEROENTRIES>No</REMOVEZEROENTRIES>
<ISDEEMEDPOSITIVE>Yes</ISDEEMEDPOSITIVE>
<LEDGERFROMITEM>No</LEDGERFROMITEM>
<LEDGERNAME>HINDCHEM CORPORATION</LEDGERNAME>
<AMOUNT>-44368.000</AMOUNT>
<BILLALLOCATIONS.LIST>
<NAME>ALSI009283/19-20</NAME>
<BILLTYPE>New Ref</BILLTYPE>
<AMOUNT>-44368.000</AMOUNT>
</BILLALLOCATIONS.LIST>
</ALLLEDGERENTRIES.LIST>
<ALLLEDGERENTRIES.LIST>
<REMOVEZEROENTRIES>No</REMOVEZEROENTRIES>
<ISDEEMEDPOSITIVE>No</ISDEEMEDPOSITIVE>
<LEDGERFROMITEM>No</LEDGERFROMITEM>
<LEDGERNAME>Container Handling Services-Import-GST</LEDGERNAME>
<AMOUNT>24000.000</AMOUNT>
</ALLLEDGERENTRIES.LIST>
<ALLLEDGERENTRIES.LIST>
<REMOVEZEROENTRIES>No</REMOVEZEROENTRIES>
<ISDEEMEDPOSITIVE>No</ISDEEMEDPOSITIVE>
<LEDGERFROMITEM>No</LEDGERFROMITEM>
<LEDGERNAME>CGST</LEDGERNAME>
<AMOUNT>2160.0000000</AMOUNT>
</ALLLEDGERENTRIES.LIST>
<ALLLEDGERENTRIES.LIST>
<REMOVEZEROENTRIES>No</REMOVEZEROENTRIES>
<ISDEEMEDPOSITIVE>No</ISDEEMEDPOSITIVE>
<LEDGERFROMITEM>No</LEDGERFROMITEM>
<LEDGERNAME>SGST</LEDGERNAME>
<AMOUNT>2160.0000000</AMOUNT>
</ALLLEDGERENTRIES.LIST>
<ALLLEDGERENTRIES.LIST>
<REMOVEZEROENTRIES>No</REMOVEZEROENTRIES>
<ISDEEMEDPOSITIVE>No</ISDEEMEDPOSITIVE>
<LEDGERFROMITEM>No</LEDGERFROMITEM>
<LEDGERNAME>Container Handling Services-Import-GST</LEDGERNAME>
<AMOUNT>1000.000</AMOUNT>
</ALLLEDGERENTRIES.LIST>
<ALLLEDGERENTRIES.LIST>
<REMOVEZEROENTRIES>No</REMOVEZEROENTRIES>
<ISDEEMEDPOSITIVE>No</ISDEEMEDPOSITIVE>
<LEDGERFROMITEM>No</LEDGERFROMITEM>
<LEDGERNAME>CGST</LEDGERNAME>
<AMOUNT>90.0000000</AMOUNT>
</ALLLEDGERENTRIES.LIST>
<ALLLEDGERENTRIES.LIST>
<REMOVEZEROENTRIES>No</REMOVEZEROENTRIES>
<ISDEEMEDPOSITIVE>No</ISDEEMEDPOSITIVE>
<LEDGERFROMITEM>No</LEDGERFROMITEM>
<LEDGERNAME>SGST</LEDGERNAME>
<AMOUNT>90.0000000</AMOUNT>
</ALLLEDGERENTRIES.LIST>
<ALLLEDGERENTRIES.LIST>
<REMOVEZEROENTRIES>No</REMOVEZEROENTRIES>
<ISDEEMEDPOSITIVE>No</ISDEEMEDPOSITIVE>
<LEDGERFROMITEM>No</LEDGERFROMITEM>
<LEDGERNAME>Other Storage and Warehousing Services-Import-GST</LEDGERNAME>
<AMOUNT>1600.000</AMOUNT>
</ALLLEDGERENTRIES.LIST>
<ALLLEDGERENTRIES.LIST>
<REMOVEZEROENTRIES>No</REMOVEZEROENTRIES>
<ISDEEMEDPOSITIVE>No</ISDEEMEDPOSITIVE>
<LEDGERFROMITEM>No</LEDGERFROMITEM>
<LEDGERNAME>CGST</LEDGERNAME>
<AMOUNT>144.0000000</AMOUNT>
</ALLLEDGERENTRIES.LIST>
<ALLLEDGERENTRIES.LIST>
<REMOVEZEROENTRIES>No</REMOVEZEROENTRIES>
<ISDEEMEDPOSITIVE>No</ISDEEMEDPOSITIVE>
<LEDGERFROMITEM>No</LEDGERFROMITEM>
<LEDGERNAME>SGST</LEDGERNAME>
<AMOUNT>144.0000000</AMOUNT>
</ALLLEDGERENTRIES.LIST>
<ALLLEDGERENTRIES.LIST>
<REMOVEZEROENTRIES>No</REMOVEZEROENTRIES>
<ISDEEMEDPOSITIVE>No</ISDEEMEDPOSITIVE>
<LEDGERFROMITEM>No</LEDGERFROMITEM>
<LEDGERNAME>Container Handling Services-Import-GST</LEDGERNAME>
<AMOUNT>11000.000</AMOUNT>
</ALLLEDGERENTRIES.LIST>
<ALLLEDGERENTRIES.LIST>
<REMOVEZEROENTRIES>No</REMOVEZEROENTRIES>
<ISDEEMEDPOSITIVE>No</ISDEEMEDPOSITIVE>
<LEDGERFROMITEM>No</LEDGERFROMITEM>
<LEDGERNAME>CGST</LEDGERNAME>
<AMOUNT>990.0000000</AMOUNT>
</ALLLEDGERENTRIES.LIST>
<ALLLEDGERENTRIES.LIST>
<REMOVEZEROENTRIES>No</REMOVEZEROENTRIES>
<ISDEEMEDPOSITIVE>No</ISDEEMEDPOSITIVE>
<LEDGERFROMITEM>No</LEDGERFROMITEM>
<LEDGERNAME>SGST</LEDGERNAME>
<AMOUNT>990.0000000</AMOUNT>
</ALLLEDGERENTRIES.LIST>
<ALLLEDGERENTRIES.LIST>
<REMOVEZEROENTRIES>No</REMOVEZEROENTRIES>
<ISDEEMEDPOSITIVE>No</ISDEEMEDPOSITIVE>
<LEDGERFROMITEM>No</LEDGERFROMITEM>
<LEDGERNAME>SHORT AND EXCESS</LEDGERNAME>
<AMOUNT>0.000</AMOUNT>
</ALLLEDGERENTRIES.LIST>
</VOUCHER>
<VOUCHER>
<ISOPTIONAL>No</ISOPTIONAL>
<USEFORGAINLOSS>No</USEFORGAINLOSS>
<USEFORCOMPOUND>No</USEFORCOMPOUND>
<VOUCHERTYPENAME>Sales-Import-CFSM</VOUCHERTYPENAME>
<DATE>20191105</DATE>
<EFFECTIVEDATE>20191105</EFFECTIVEDATE>
<ISCANCELLED>No</ISCANCELLED>
<USETRACKINGNUMBER>No</USETRACKINGNUMBER>
<ISPOSTDATED>No</ISPOSTDATED>
<ISINVOICE>No</ISINVOICE>
<DIFFACTUALQTY>No</DIFFACTUALQTY>
<VOUCHERNUMBER>ALSH000334/19-20</VOUCHERNUMBER>
<PARTYLEDGERNAME>SHREE METAL SYNDICATE</PARTYLEDGERNAME>
<STATENAME>Maharashtra</STATENAME>
<NARRATION>Being amount debited towards IGM No: 2237691, BL NO: MEDUMT655963, Importer: SHREE METAL SYNDICATE, VOY NO: IS943R, Vessel: MSC BENEDETTA, LINER: MSC LINE OffDocTHC and containers:  1 X 20, Invoice No: ALSH000334/19-20</NARRATION>
<PARTYGSTIN>27AFHPS7554K1ZQ</PARTYGSTIN>
<ALLLEDGERENTRIES.LIST>
<REMOVEZEROENTRIES>No</REMOVEZEROENTRIES>
<ISDEEMEDPOSITIVE>Yes</ISDEEMEDPOSITIVE>
<LEDGERFROMITEM>No</LEDGERFROMITEM>
<LEDGERNAME>SHREE METAL SYNDICATE</LEDGERNAME>
<AMOUNT>-23364.000</AMOUNT>
<BILLALLOCATIONS.LIST>
<NAME>ALSH000334/19-20</NAME>
<BILLTYPE>New Ref</BILLTYPE>
<AMOUNT>-23364.000</AMOUNT>
</BILLALLOCATIONS.LIST>
</ALLLEDGERENTRIES.LIST>
<ALLLEDGERENTRIES.LIST>
<REMOVEZEROENTRIES>No</REMOVEZEROENTRIES>
<ISDEEMEDPOSITIVE>No</ISDEEMEDPOSITIVE>
<LEDGERFROMITEM>No</LEDGERFROMITEM>
<LEDGERNAME>Container Handling Services-Import-GST</LEDGERNAME>
<AMOUNT>8000.000</AMOUNT>
</ALLLEDGERENTRIES.LIST>
<ALLLEDGERENTRIES.LIST>
<REMOVEZEROENTRIES>No</REMOVEZEROENTRIES>
<ISDEEMEDPOSITIVE>No</ISDEEMEDPOSITIVE>
<LEDGERFROMITEM>No</LEDGERFROMITEM>
<LEDGERNAME>CGST</LEDGERNAME>
<AMOUNT>720.0000000</AMOUNT>
</ALLLEDGERENTRIES.LIST>
<ALLLEDGERENTRIES.LIST>
<REMOVEZEROENTRIES>No</REMOVEZEROENTRIES>
<ISDEEMEDPOSITIVE>No</ISDEEMEDPOSITIVE>
<LEDGERFROMITEM>No</LEDGERFROMITEM>
<LEDGERNAME>SGST</LEDGERNAME>
<AMOUNT>720.0000000</AMOUNT>
</ALLLEDGERENTRIES.LIST>
<ALLLEDGERENTRIES.LIST>
<REMOVEZEROENTRIES>No</REMOVEZEROENTRIES>
<ISDEEMEDPOSITIVE>No</ISDEEMEDPOSITIVE>
<LEDGERFROMITEM>No</LEDGERFROMITEM>
<LEDGERNAME>Container Handling Services-Import-GST</LEDGERNAME>
<AMOUNT>1000.000</AMOUNT>
</ALLLEDGERENTRIES.LIST>
<ALLLEDGERENTRIES.LIST>
<REMOVEZEROENTRIES>No</REMOVEZEROENTRIES>
<ISDEEMEDPOSITIVE>No</ISDEEMEDPOSITIVE>
<LEDGERFROMITEM>No</LEDGERFROMITEM>
<LEDGERNAME>CGST</LEDGERNAME>
<AMOUNT>90.0000000</AMOUNT>
</ALLLEDGERENTRIES.LIST>
<ALLLEDGERENTRIES.LIST>
<REMOVEZEROENTRIES>No</REMOVEZEROENTRIES>
<ISDEEMEDPOSITIVE>No</ISDEEMEDPOSITIVE>
<LEDGERFROMITEM>No</LEDGERFROMITEM>
<LEDGERNAME>SGST</LEDGERNAME>
<AMOUNT>90.0000000</AMOUNT>
</ALLLEDGERENTRIES.LIST>
<ALLLEDGERENTRIES.LIST>
<REMOVEZEROENTRIES>No</REMOVEZEROENTRIES>
<ISDEEMEDPOSITIVE>No</ISDEEMEDPOSITIVE>
<LEDGERFROMITEM>No</LEDGERFROMITEM>
<LEDGERNAME>Container Handling Services-Import-GST</LEDGERNAME>
<AMOUNT>200.000</AMOUNT>
</ALLLEDGERENTRIES.LIST>
<ALLLEDGERENTRIES.LIST>
<REMOVEZEROENTRIES>No</REMOVEZEROENTRIES>
<ISDEEMEDPOSITIVE>No</ISDEEMEDPOSITIVE>
<LEDGERFROMITEM>No</LEDGERFROMITEM>
<LEDGERNAME>CGST</LEDGERNAME>
<AMOUNT>18.0000000</AMOUNT>
</ALLLEDGERENTRIES.LIST>
<ALLLEDGERENTRIES.LIST>
<REMOVEZEROENTRIES>No</REMOVEZEROENTRIES>
<ISDEEMEDPOSITIVE>No</ISDEEMEDPOSITIVE>
<LEDGERFROMITEM>No</LEDGERFROMITEM>
<LEDGERNAME>SGST</LEDGERNAME>
<AMOUNT>18.0000000</AMOUNT>
</ALLLEDGERENTRIES.LIST>
<ALLLEDGERENTRIES.LIST>
<REMOVEZEROENTRIES>No</REMOVEZEROENTRIES>
<ISDEEMEDPOSITIVE>No</ISDEEMEDPOSITIVE>
<LEDGERFROMITEM>No</LEDGERFROMITEM>
<LEDGERNAME>Container Handling Services-Import-GST</LEDGERNAME>
<AMOUNT>900.000</AMOUNT>
</ALLLEDGERENTRIES.LIST>
<ALLLEDGERENTRIES.LIST>
<REMOVEZEROENTRIES>No</REMOVEZEROENTRIES>
<ISDEEMEDPOSITIVE>No</ISDEEMEDPOSITIVE>
<LEDGERFROMITEM>No</LEDGERFROMITEM>
<LEDGERNAME>SGST</LEDGERNAME>
<AMOUNT>81.0000000</AMOUNT>
</ALLLEDGERENTRIES.LIST>
<ALLLEDGERENTRIES.LIST>
<REMOVEZEROENTRIES>No</REMOVEZEROENTRIES>
<ISDEEMEDPOSITIVE>No</ISDEEMEDPOSITIVE>
<LEDGERFROMITEM>No</LEDGERFROMITEM>
<LEDGERNAME>CGST</LEDGERNAME>
<AMOUNT>81.0000000</AMOUNT>
</ALLLEDGERENTRIES.LIST>
<ALLLEDGERENTRIES.LIST>
<REMOVEZEROENTRIES>No</REMOVEZEROENTRIES>
<ISDEEMEDPOSITIVE>No</ISDEEMEDPOSITIVE>
<LEDGERFROMITEM>No</LEDGERFROMITEM>
<LEDGERNAME>Container Handling Services-Import-GST</LEDGERNAME>
<AMOUNT>900.000</AMOUNT>
</ALLLEDGERENTRIES.LIST>
<ALLLEDGERENTRIES.LIST>
<REMOVEZEROENTRIES>No</REMOVEZEROENTRIES>
<ISDEEMEDPOSITIVE>No</ISDEEMEDPOSITIVE>
<LEDGERFROMITEM>No</LEDGERFROMITEM>
<LEDGERNAME>SGST</LEDGERNAME>
<AMOUNT>81.0000000</AMOUNT>
</ALLLEDGERENTRIES.LIST>
<ALLLEDGERENTRIES.LIST>
<REMOVEZEROENTRIES>No</REMOVEZEROENTRIES>
<ISDEEMEDPOSITIVE>No</ISDEEMEDPOSITIVE>
<LEDGERFROMITEM>No</LEDGERFROMITEM>
<LEDGERNAME>CGST</LEDGERNAME>
<AMOUNT>81.0000000</AMOUNT>
</ALLLEDGERENTRIES.LIST>
<ALLLEDGERENTRIES.LIST>
<REMOVEZEROENTRIES>No</REMOVEZEROENTRIES>
<ISDEEMEDPOSITIVE>No</ISDEEMEDPOSITIVE>
<LEDGERFROMITEM>No</LEDGERFROMITEM>
<LEDGERNAME>Container Handling Services-Import-GST</LEDGERNAME>
<AMOUNT>300.000</AMOUNT>
</ALLLEDGERENTRIES.LIST>
<ALLLEDGERENTRIES.LIST>
<REMOVEZEROENTRIES>No</REMOVEZEROENTRIES>
<ISDEEMEDPOSITIVE>No</ISDEEMEDPOSITIVE>
<LEDGERFROMITEM>No</LEDGERFROMITEM>
<LEDGERNAME>CGST</LEDGERNAME>
<AMOUNT>27.0000000</AMOUNT>
</ALLLEDGERENTRIES.LIST>
<ALLLEDGERENTRIES.LIST>
<REMOVEZEROENTRIES>No</REMOVEZEROENTRIES>
<ISDEEMEDPOSITIVE>No</ISDEEMEDPOSITIVE>
<LEDGERFROMITEM>No</LEDGERFROMITEM>
<LEDGERNAME>SGST</LEDGERNAME>
<AMOUNT>27.0000000</AMOUNT>
</ALLLEDGERENTRIES.LIST>
<ALLLEDGERENTRIES.LIST>
<REMOVEZEROENTRIES>No</REMOVEZEROENTRIES>
<ISDEEMEDPOSITIVE>No</ISDEEMEDPOSITIVE>
<LEDGERFROMITEM>No</LEDGERFROMITEM>
<LEDGERNAME>Container Handling Services-Import-GST</LEDGERNAME>
<AMOUNT>3000.000</AMOUNT>
</ALLLEDGERENTRIES.LIST>
<ALLLEDGERENTRIES.LIST>
<REMOVEZEROENTRIES>No</REMOVEZEROENTRIES>
<ISDEEMEDPOSITIVE>No</ISDEEMEDPOSITIVE>
<LEDGERFROMITEM>No</LEDGERFROMITEM>
<LEDGERNAME>CGST</LEDGERNAME>
<AMOUNT>270.0000000</AMOUNT>
</ALLLEDGERENTRIES.LIST>
<ALLLEDGERENTRIES.LIST>
<REMOVEZEROENTRIES>No</REMOVEZEROENTRIES>
<ISDEEMEDPOSITIVE>No</ISDEEMEDPOSITIVE>
<LEDGERFROMITEM>No</LEDGERFROMITEM>
<LEDGERNAME>SGST</LEDGERNAME>
<AMOUNT>270.0000000</AMOUNT>
</ALLLEDGERENTRIES.LIST>
<ALLLEDGERENTRIES.LIST>
<REMOVEZEROENTRIES>No</REMOVEZEROENTRIES>
<ISDEEMEDPOSITIVE>No</ISDEEMEDPOSITIVE>
<LEDGERFROMITEM>No</LEDGERFROMITEM>
<LEDGERNAME>Container Handling Services-Import-GST</LEDGERNAME>
<AMOUNT>5500.000</AMOUNT>
</ALLLEDGERENTRIES.LIST>
<ALLLEDGERENTRIES.LIST>
<REMOVEZEROENTRIES>No</REMOVEZEROENTRIES>
<ISDEEMEDPOSITIVE>No</ISDEEMEDPOSITIVE>
<LEDGERFROMITEM>No</LEDGERFROMITEM>
<LEDGERNAME>SGST</LEDGERNAME>
<AMOUNT>495.0000000</AMOUNT>
</ALLLEDGERENTRIES.LIST>
<ALLLEDGERENTRIES.LIST>
<REMOVEZEROENTRIES>No</REMOVEZEROENTRIES>
<ISDEEMEDPOSITIVE>No</ISDEEMEDPOSITIVE>
<LEDGERFROMITEM>No</LEDGERFROMITEM>
<LEDGERNAME>CGST</LEDGERNAME>
<AMOUNT>495.0000000</AMOUNT>
</ALLLEDGERENTRIES.LIST>
<ALLLEDGERENTRIES.LIST>
<REMOVEZEROENTRIES>No</REMOVEZEROENTRIES>
<ISDEEMEDPOSITIVE>No</ISDEEMEDPOSITIVE>
<LEDGERFROMITEM>No</LEDGERFROMITEM>
<LEDGERNAME>SHORT AND EXCESS</LEDGERNAME>
<AMOUNT>0.000</AMOUNT>
</ALLLEDGERENTRIES.LIST>
</VOUCHER>
<VOUCHER>
<ISOPTIONAL>No</ISOPTIONAL>
<USEFORGAINLOSS>No</USEFORGAINLOSS>
<USEFORCOMPOUND>No</USEFORCOMPOUND>
<VOUCHERTYPENAME>Sales-Import-CFSM</VOUCHERTYPENAME>
<DATE>20191105</DATE>
<EFFECTIVEDATE>20191105</EFFECTIVEDATE>
<ISCANCELLED>No</ISCANCELLED>
<USETRACKINGNUMBER>No</USETRACKINGNUMBER>
<ISPOSTDATED>No</ISPOSTDATED>
<ISINVOICE>No</ISINVOICE>
<DIFFACTUALQTY>No</DIFFACTUALQTY>
<VOUCHERNUMBER>ALSI009284/19-20</VOUCHERNUMBER>
<PARTYLEDGERNAME>KOBE STEEL INDIA</PARTYLEDGERNAME>
<STATENAME>Maharashtra</STATENAME>
<NARRATION>Being amount debited towards IGM No: 2237794, BL NO: 0319546444, Importer: KOBE STEEL (INDIA), VOY NO: 049, Vessel: WAN HAI 517, LINER: WAN HAI LINE and containers:  1 X 40, Invoice No: ALSI009284/19-20</NARRATION>
<PARTYGSTIN>27AAAFK2456L1Z7</PARTYGSTIN>
<ALLLEDGERENTRIES.LIST>
<REMOVEZEROENTRIES>No</REMOVEZEROENTRIES>
<ISDEEMEDPOSITIVE>Yes</ISDEEMEDPOSITIVE>
<LEDGERFROMITEM>No</LEDGERFROMITEM>
<LEDGERNAME>KOBE STEEL INDIA</LEDGERNAME>
<AMOUNT>-24190.000</AMOUNT>
<BILLALLOCATIONS.LIST>
<NAME>ALSI009284/19-20</NAME>
<BILLTYPE>New Ref</BILLTYPE>
<AMOUNT>-24190.000</AMOUNT>
</BILLALLOCATIONS.LIST>
</ALLLEDGERENTRIES.LIST>
<ALLLEDGERENTRIES.LIST>
<REMOVEZEROENTRIES>No</REMOVEZEROENTRIES>
<ISDEEMEDPOSITIVE>No</ISDEEMEDPOSITIVE>
<LEDGERFROMITEM>No</LEDGERFROMITEM>
<LEDGERNAME>Container Handling Services-Import-GST</LEDGERNAME>
<AMOUNT>8500.000</AMOUNT>
</ALLLEDGERENTRIES.LIST>
<ALLLEDGERENTRIES.LIST>
<REMOVEZEROENTRIES>No</REMOVEZEROENTRIES>
<ISDEEMEDPOSITIVE>No</ISDEEMEDPOSITIVE>
<LEDGERFROMITEM>No</LEDGERFROMITEM>
<LEDGERNAME>SGST</LEDGERNAME>
<AMOUNT>765.0000000</AMOUNT>
</ALLLEDGERENTRIES.LIST>
<ALLLEDGERENTRIES.LIST>
<REMOVEZEROENTRIES>No</REMOVEZEROENTRIES>
<ISDEEMEDPOSITIVE>No</ISDEEMEDPOSITIVE>
<LEDGERFROMITEM>No</LEDGERFROMITEM>
<LEDGERNAME>CGST</LEDGERNAME>
<AMOUNT>765.0000000</AMOUNT>
</ALLLEDGERENTRIES.LIST>
<ALLLEDGERENTRIES.LIST>
<REMOVEZEROENTRIES>No</REMOVEZEROENTRIES>
<ISDEEMEDPOSITIVE>No</ISDEEMEDPOSITIVE>
<LEDGERFROMITEM>No</LEDGERFROMITEM>
<LEDGERNAME>Container Handling Services-Import-GST</LEDGERNAME>
<AMOUNT>2000.000</AMOUNT>
</ALLLEDGERENTRIES.LIST>
<ALLLEDGERENTRIES.LIST>
<REMOVEZEROENTRIES>No</REMOVEZEROENTRIES>
<ISDEEMEDPOSITIVE>No</ISDEEMEDPOSITIVE>
<LEDGERFROMITEM>No</LEDGERFROMITEM>
<LEDGERNAME>CGST</LEDGERNAME>
<AMOUNT>180.0000000</AMOUNT>
</ALLLEDGERENTRIES.LIST>
<ALLLEDGERENTRIES.LIST>
<REMOVEZEROENTRIES>No</REMOVEZEROENTRIES>
<ISDEEMEDPOSITIVE>No</ISDEEMEDPOSITIVE>
<LEDGERFROMITEM>No</LEDGERFROMITEM>
<LEDGERNAME>SGST</LEDGERNAME>
<AMOUNT>180.0000000</AMOUNT>
</ALLLEDGERENTRIES.LIST>
<ALLLEDGERENTRIES.LIST>
<REMOVEZEROENTRIES>No</REMOVEZEROENTRIES>
<ISDEEMEDPOSITIVE>No</ISDEEMEDPOSITIVE>
<LEDGERFROMITEM>No</LEDGERFROMITEM>
<LEDGERNAME>Container Handling Services-Import-GST</LEDGERNAME>
<AMOUNT>3000.000</AMOUNT>
</ALLLEDGERENTRIES.LIST>
<ALLLEDGERENTRIES.LIST>
<REMOVEZEROENTRIES>No</REMOVEZEROENTRIES>
<ISDEEMEDPOSITIVE>No</ISDEEMEDPOSITIVE>
<LEDGERFROMITEM>No</LEDGERFROMITEM>
<LEDGERNAME>CGST</LEDGERNAME>
<AMOUNT>270.0000000</AMOUNT>
</ALLLEDGERENTRIES.LIST>
<ALLLEDGERENTRIES.LIST>
<REMOVEZEROENTRIES>No</REMOVEZEROENTRIES>
<ISDEEMEDPOSITIVE>No</ISDEEMEDPOSITIVE>
<LEDGERFROMITEM>No</LEDGERFROMITEM>
<LEDGERNAME>SGST</LEDGERNAME>
<AMOUNT>270.0000000</AMOUNT>
</ALLLEDGERENTRIES.LIST>
<ALLLEDGERENTRIES.LIST>
<REMOVEZEROENTRIES>No</REMOVEZEROENTRIES>
<ISDEEMEDPOSITIVE>No</ISDEEMEDPOSITIVE>
<LEDGERFROMITEM>No</LEDGERFROMITEM>
<LEDGERNAME>Container Handling Services-Import-GST</LEDGERNAME>
<AMOUNT>7000.000</AMOUNT>
</ALLLEDGERENTRIES.LIST>
<ALLLEDGERENTRIES.LIST>
<REMOVEZEROENTRIES>No</REMOVEZEROENTRIES>
<ISDEEMEDPOSITIVE>No</ISDEEMEDPOSITIVE>
<LEDGERFROMITEM>No</LEDGERFROMITEM>
<LEDGERNAME>CGST</LEDGERNAME>
<AMOUNT>630.0000000</AMOUNT>
</ALLLEDGERENTRIES.LIST>
<ALLLEDGERENTRIES.LIST>
<REMOVEZEROENTRIES>No</REMOVEZEROENTRIES>
<ISDEEMEDPOSITIVE>No</ISDEEMEDPOSITIVE>
<LEDGERFROMITEM>No</LEDGERFROMITEM>
<LEDGERNAME>SGST</LEDGERNAME>
<AMOUNT>630.0000000</AMOUNT>
</ALLLEDGERENTRIES.LIST>
<ALLLEDGERENTRIES.LIST>
<REMOVEZEROENTRIES>No</REMOVEZEROENTRIES>
<ISDEEMEDPOSITIVE>No</ISDEEMEDPOSITIVE>
<LEDGERFROMITEM>No</LEDGERFROMITEM>
<LEDGERNAME>SHORT AND EXCESS</LEDGERNAME>
<AMOUNT>0.000</AMOUNT>
</ALLLEDGERENTRIES.LIST>
</VOUCHER>
<VOUCHER>
<ISOPTIONAL>No</ISOPTIONAL>
<USEFORGAINLOSS>No</USEFORGAINLOSS>
<USEFORCOMPOUND>No</USEFORCOMPOUND>
<VOUCHERTYPENAME>Sales-Import-CFSM</VOUCHERTYPENAME>
<DATE>20191105</DATE>
<EFFECTIVEDATE>20191105</EFFECTIVEDATE>
<ISCANCELLED>No</ISCANCELLED>
<USETRACKINGNUMBER>No</USETRACKINGNUMBER>
<ISPOSTDATED>No</ISPOSTDATED>
<ISINVOICE>No</ISINVOICE>
<DIFFACTUALQTY>No</DIFFACTUALQTY>
<VOUCHERNUMBER>ALSI009285/19-20</VOUCHERNUMBER>
<PARTYLEDGERNAME>KOBE STEEL INDIA</PARTYLEDGERNAME>
<STATENAME>Maharashtra</STATENAME>
<NARRATION>Being amount debited towards IGM No: 2237766, BL NO: EGLV141989079698, Importer: AMARDEEP STEEL CENTRE, VOY NO: 888, Vessel: SHIMIN, LINER: EVERGREEN SHIPPING AGENCY (INDIA) PVT.LTD. and containers:  1 X 40, Invoice No: ALSI009285/19-20</NARRATION>
<PARTYGSTIN>27AAAFK2456L1Z7</PARTYGSTIN>
<ALLLEDGERENTRIES.LIST>
<REMOVEZEROENTRIES>No</REMOVEZEROENTRIES>
<ISDEEMEDPOSITIVE>Yes</ISDEEMEDPOSITIVE>
<LEDGERFROMITEM>No</LEDGERFROMITEM>
<LEDGERNAME>KOBE STEEL INDIA</LEDGERNAME>
<AMOUNT>-39530.000</AMOUNT>
<BILLALLOCATIONS.LIST>
<NAME>ALSI009285/19-20</NAME>
<BILLTYPE>New Ref</BILLTYPE>
<AMOUNT>-39530.000</AMOUNT>
</BILLALLOCATIONS.LIST>
</ALLLEDGERENTRIES.LIST>
<ALLLEDGERENTRIES.LIST>
<REMOVEZEROENTRIES>No</REMOVEZEROENTRIES>
<ISDEEMEDPOSITIVE>No</ISDEEMEDPOSITIVE>
<LEDGERFROMITEM>No</LEDGERFROMITEM>
<LEDGERNAME>Container Handling Services-Import-GST</LEDGERNAME>
<AMOUNT>20000.000</AMOUNT>
</ALLLEDGERENTRIES.LIST>
<ALLLEDGERENTRIES.LIST>
<REMOVEZEROENTRIES>No</REMOVEZEROENTRIES>
<ISDEEMEDPOSITIVE>No</ISDEEMEDPOSITIVE>
<LEDGERFROMITEM>No</LEDGERFROMITEM>
<LEDGERNAME>CGST</LEDGERNAME>
<AMOUNT>1800.0000000</AMOUNT>
</ALLLEDGERENTRIES.LIST>
<ALLLEDGERENTRIES.LIST>
<REMOVEZEROENTRIES>No</REMOVEZEROENTRIES>
<ISDEEMEDPOSITIVE>No</ISDEEMEDPOSITIVE>
<LEDGERFROMITEM>No</LEDGERFROMITEM>
<LEDGERNAME>SGST</LEDGERNAME>
<AMOUNT>1800.0000000</AMOUNT>
</ALLLEDGERENTRIES.LIST>
<ALLLEDGERENTRIES.LIST>
<REMOVEZEROENTRIES>No</REMOVEZEROENTRIES>
<ISDEEMEDPOSITIVE>No</ISDEEMEDPOSITIVE>
<LEDGERFROMITEM>No</LEDGERFROMITEM>
<LEDGERNAME>Container Handling Services-Import-GST</LEDGERNAME>
<AMOUNT>2000.000</AMOUNT>
</ALLLEDGERENTRIES.LIST>
<ALLLEDGERENTRIES.LIST>
<REMOVEZEROENTRIES>No</REMOVEZEROENTRIES>
<ISDEEMEDPOSITIVE>No</ISDEEMEDPOSITIVE>
<LEDGERFROMITEM>No</LEDGERFROMITEM>
<LEDGERNAME>CGST</LEDGERNAME>
<AMOUNT>180.0000000</AMOUNT>
</ALLLEDGERENTRIES.LIST>
<ALLLEDGERENTRIES.LIST>
<REMOVEZEROENTRIES>No</REMOVEZEROENTRIES>
<ISDEEMEDPOSITIVE>No</ISDEEMEDPOSITIVE>
<LEDGERFROMITEM>No</LEDGERFROMITEM>
<LEDGERNAME>SGST</LEDGERNAME>
<AMOUNT>180.0000000</AMOUNT>
</ALLLEDGERENTRIES.LIST>
<ALLLEDGERENTRIES.LIST>
<REMOVEZEROENTRIES>No</REMOVEZEROENTRIES>
<ISDEEMEDPOSITIVE>No</ISDEEMEDPOSITIVE>
<LEDGERFROMITEM>No</LEDGERFROMITEM>
<LEDGERNAME>Container Handling Services-Import-GST</LEDGERNAME>
<AMOUNT>3000.000</AMOUNT>
</ALLLEDGERENTRIES.LIST>
<ALLLEDGERENTRIES.LIST>
<REMOVEZEROENTRIES>No</REMOVEZEROENTRIES>
<ISDEEMEDPOSITIVE>No</ISDEEMEDPOSITIVE>
<LEDGERFROMITEM>No</LEDGERFROMITEM>
<LEDGERNAME>SGST</LEDGERNAME>
<AMOUNT>270.0000000</AMOUNT>
</ALLLEDGERENTRIES.LIST>
<ALLLEDGERENTRIES.LIST>
<REMOVEZEROENTRIES>No</REMOVEZEROENTRIES>
<ISDEEMEDPOSITIVE>No</ISDEEMEDPOSITIVE>
<LEDGERFROMITEM>No</LEDGERFROMITEM>
<LEDGERNAME>CGST</LEDGERNAME>
<AMOUNT>270.0000000</AMOUNT>
</ALLLEDGERENTRIES.LIST>
<ALLLEDGERENTRIES.LIST>
<REMOVEZEROENTRIES>No</REMOVEZEROENTRIES>
<ISDEEMEDPOSITIVE>No</ISDEEMEDPOSITIVE>
<LEDGERFROMITEM>No</LEDGERFROMITEM>
<LEDGERNAME>Container Handling Services-Import-GST</LEDGERNAME>
<AMOUNT>8500.000</AMOUNT>
</ALLLEDGERENTRIES.LIST>
<ALLLEDGERENTRIES.LIST>
<REMOVEZEROENTRIES>No</REMOVEZEROENTRIES>
<ISDEEMEDPOSITIVE>No</ISDEEMEDPOSITIVE>
<LEDGERFROMITEM>No</LEDGERFROMITEM>
<LEDGERNAME>SGST</LEDGERNAME>
<AMOUNT>765.0000000</AMOUNT>
</ALLLEDGERENTRIES.LIST>
<ALLLEDGERENTRIES.LIST>
<REMOVEZEROENTRIES>No</REMOVEZEROENTRIES>
<ISDEEMEDPOSITIVE>No</ISDEEMEDPOSITIVE>
<LEDGERFROMITEM>No</LEDGERFROMITEM>
<LEDGERNAME>CGST</LEDGERNAME>
<AMOUNT>765.0000000</AMOUNT>
</ALLLEDGERENTRIES.LIST>
<ALLLEDGERENTRIES.LIST>
<REMOVEZEROENTRIES>No</REMOVEZEROENTRIES>
<ISDEEMEDPOSITIVE>No</ISDEEMEDPOSITIVE>
<LEDGERFROMITEM>No</LEDGERFROMITEM>
<LEDGERNAME>SHORT AND EXCESS</LEDGERNAME>
<AMOUNT>0.000</AMOUNT>
</ALLLEDGERENTRIES.LIST>
</VOUCHER>
<VOUCHER>
<ISOPTIONAL>No</ISOPTIONAL>
<USEFORGAINLOSS>No</USEFORGAINLOSS>
<USEFORCOMPOUND>No</USEFORCOMPOUND>
<VOUCHERTYPENAME>Sales-Import-CFSM</VOUCHERTYPENAME>
<DATE>20191105</DATE>
<EFFECTIVEDATE>20191105</EFFECTIVEDATE>
<ISCANCELLED>No</ISCANCELLED>
<USETRACKINGNUMBER>No</USETRACKINGNUMBER>
<ISPOSTDATED>No</ISPOSTDATED>
<ISINVOICE>No</ISINVOICE>
<DIFFACTUALQTY>No</DIFFACTUALQTY>
<VOUCHERNUMBER>ALSI009287/19-20</VOUCHERNUMBER>
<PARTYLEDGERNAME>ADINATH IMPEX</PARTYLEDGERNAME>
<STATENAME>Gujarat</STATENAME>
<NARRATION>Being amount debited towards IGM No: 2237567, BL NO: NSAGPPEN1909005001, Importer: ADINATH IMPEX, VOY NO: 112, Vessel: XIN BEIJING, LINER: COSCO SHIPPING LINES (INDIA) PRIVATE LIMITED and containers:  2 X 40, Invoice No: ALSI009287/19-20</NARRATION>
<PARTYGSTIN>24AEUPJ6886M1ZH</PARTYGSTIN>
<ALLLEDGERENTRIES.LIST>
<REMOVEZEROENTRIES>No</REMOVEZEROENTRIES>
<ISDEEMEDPOSITIVE>Yes</ISDEEMEDPOSITIVE>
<LEDGERFROMITEM>No</LEDGERFROMITEM>
<LEDGERNAME>ADINATH IMPEX</LEDGERNAME>
<AMOUNT>-29736.000</AMOUNT>
<BILLALLOCATIONS.LIST>
<NAME>ALSI009287/19-20</NAME>
<BILLTYPE>New Ref</BILLTYPE>
<AMOUNT>-29736.000</AMOUNT>
</BILLALLOCATIONS.LIST>
</ALLLEDGERENTRIES.LIST>
<ALLLEDGERENTRIES.LIST>
<REMOVEZEROENTRIES>No</REMOVEZEROENTRIES>
<ISDEEMEDPOSITIVE>No</ISDEEMEDPOSITIVE>
<LEDGERFROMITEM>No</LEDGERFROMITEM>
<LEDGERNAME>Container Handling Services-Import-GST</LEDGERNAME>
<AMOUNT>15000.000</AMOUNT>
</ALLLEDGERENTRIES.LIST>
<ALLLEDGERENTRIES.LIST>
<REMOVEZEROENTRIES>No</REMOVEZEROENTRIES>
<ISDEEMEDPOSITIVE>No</ISDEEMEDPOSITIVE>
<LEDGERFROMITEM>No</LEDGERFROMITEM>
<LEDGERNAME>IGST</LEDGERNAME>
<AMOUNT>2700.0000000</AMOUNT>
</ALLLEDGERENTRIES.LIST>
<ALLLEDGERENTRIES.LIST>
<REMOVEZEROENTRIES>No</REMOVEZEROENTRIES>
<ISDEEMEDPOSITIVE>No</ISDEEMEDPOSITIVE>
<LEDGERFROMITEM>No</LEDGERFROMITEM>
<LEDGERNAME>Container Handling Services-Import-GST</LEDGERNAME>
<AMOUNT>2000.000</AMOUNT>
</ALLLEDGERENTRIES.LIST>
<ALLLEDGERENTRIES.LIST>
<REMOVEZEROENTRIES>No</REMOVEZEROENTRIES>
<ISDEEMEDPOSITIVE>No</ISDEEMEDPOSITIVE>
<LEDGERFROMITEM>No</LEDGERFROMITEM>
<LEDGERNAME>IGST</LEDGERNAME>
<AMOUNT>360.0000000</AMOUNT>
</ALLLEDGERENTRIES.LIST>
<ALLLEDGERENTRIES.LIST>
<REMOVEZEROENTRIES>No</REMOVEZEROENTRIES>
<ISDEEMEDPOSITIVE>No</ISDEEMEDPOSITIVE>
<LEDGERFROMITEM>No</LEDGERFROMITEM>
<LEDGERNAME>Other Storage and Warehousing Services-Import-GST</LEDGERNAME>
<AMOUNT>3200.000</AMOUNT>
</ALLLEDGERENTRIES.LIST>
<ALLLEDGERENTRIES.LIST>
<REMOVEZEROENTRIES>No</REMOVEZEROENTRIES>
<ISDEEMEDPOSITIVE>No</ISDEEMEDPOSITIVE>
<LEDGERFROMITEM>No</LEDGERFROMITEM>
<LEDGERNAME>IGST</LEDGERNAME>
<AMOUNT>576.0000000</AMOUNT>
</ALLLEDGERENTRIES.LIST>
<ALLLEDGERENTRIES.LIST>
<REMOVEZEROENTRIES>No</REMOVEZEROENTRIES>
<ISDEEMEDPOSITIVE>No</ISDEEMEDPOSITIVE>
<LEDGERFROMITEM>No</LEDGERFROMITEM>
<LEDGERNAME>Container Handling Services-Import-GST</LEDGERNAME>
<AMOUNT>0.000</AMOUNT>
</ALLLEDGERENTRIES.LIST>
<ALLLEDGERENTRIES.LIST>
<REMOVEZEROENTRIES>No</REMOVEZEROENTRIES>
<ISDEEMEDPOSITIVE>No</ISDEEMEDPOSITIVE>
<LEDGERFROMITEM>No</LEDGERFROMITEM>
<LEDGERNAME>IGST</LEDGERNAME>
<AMOUNT>0.0000000</AMOUNT>
</ALLLEDGERENTRIES.LIST>
<ALLLEDGERENTRIES.LIST>
<REMOVEZEROENTRIES>No</REMOVEZEROENTRIES>
<ISDEEMEDPOSITIVE>No</ISDEEMEDPOSITIVE>
<LEDGERFROMITEM>No</LEDGERFROMITEM>
<LEDGERNAME>Container Handling Services-Import-GST</LEDGERNAME>
<AMOUNT>0.000</AMOUNT>
</ALLLEDGERENTRIES.LIST>
<ALLLEDGERENTRIES.LIST>
<REMOVEZEROENTRIES>No</REMOVEZEROENTRIES>
<ISDEEMEDPOSITIVE>No</ISDEEMEDPOSITIVE>
<LEDGERFROMITEM>No</LEDGERFROMITEM>
<LEDGERNAME>IGST</LEDGERNAME>
<AMOUNT>0.0000000</AMOUNT>
</ALLLEDGERENTRIES.LIST>
<ALLLEDGERENTRIES.LIST>
<REMOVEZEROENTRIES>No</REMOVEZEROENTRIES>
<ISDEEMEDPOSITIVE>No</ISDEEMEDPOSITIVE>
<LEDGERFROMITEM>No</LEDGERFROMITEM>
<LEDGERNAME>Container Handling Services-Import-GST</LEDGERNAME>
<AMOUNT>5000.000</AMOUNT>
</ALLLEDGERENTRIES.LIST>
<ALLLEDGERENTRIES.LIST>
<REMOVEZEROENTRIES>No</REMOVEZEROENTRIES>
<ISDEEMEDPOSITIVE>No</ISDEEMEDPOSITIVE>
<LEDGERFROMITEM>No</LEDGERFROMITEM>
<LEDGERNAME>IGST</LEDGERNAME>
<AMOUNT>900.0000000</AMOUNT>
</ALLLEDGERENTRIES.LIST>
<ALLLEDGERENTRIES.LIST>
<REMOVEZEROENTRIES>No</REMOVEZEROENTRIES>
<ISDEEMEDPOSITIVE>No</ISDEEMEDPOSITIVE>
<LEDGERFROMITEM>No</LEDGERFROMITEM>
<LEDGERNAME>Container Handling Services-Import-GST</LEDGERNAME>
<AMOUNT>0.000</AMOUNT>
</ALLLEDGERENTRIES.LIST>
<ALLLEDGERENTRIES.LIST>
<REMOVEZEROENTRIES>No</REMOVEZEROENTRIES>
<ISDEEMEDPOSITIVE>No</ISDEEMEDPOSITIVE>
<LEDGERFROMITEM>No</LEDGERFROMITEM>
<LEDGERNAME>IGST</LEDGERNAME>
<AMOUNT>0.0000000</AMOUNT>
</ALLLEDGERENTRIES.LIST>
<ALLLEDGERENTRIES.LIST>
<REMOVEZEROENTRIES>No</REMOVEZEROENTRIES>
<ISDEEMEDPOSITIVE>No</ISDEEMEDPOSITIVE>
<LEDGERFROMITEM>No</LEDGERFROMITEM>
<LEDGERNAME>Container Handling Services-Import-GST</LEDGERNAME>
<AMOUNT>0.000</AMOUNT>
</ALLLEDGERENTRIES.LIST>
<ALLLEDGERENTRIES.LIST>
<REMOVEZEROENTRIES>No</REMOVEZEROENTRIES>
<ISDEEMEDPOSITIVE>No</ISDEEMEDPOSITIVE>
<LEDGERFROMITEM>No</LEDGERFROMITEM>
<LEDGERNAME>IGST</LEDGERNAME>
<AMOUNT>0.0000000</AMOUNT>
</ALLLEDGERENTRIES.LIST>
<ALLLEDGERENTRIES.LIST>
<REMOVEZEROENTRIES>No</REMOVEZEROENTRIES>
<ISDEEMEDPOSITIVE>No</ISDEEMEDPOSITIVE>
<LEDGERFROMITEM>No</LEDGERFROMITEM>
<LEDGERNAME>Container Handling Services-Import-GST</LEDGERNAME>
<AMOUNT>0.000</AMOUNT>
</ALLLEDGERENTRIES.LIST>
<ALLLEDGERENTRIES.LIST>
<REMOVEZEROENTRIES>No</REMOVEZEROENTRIES>
<ISDEEMEDPOSITIVE>No</ISDEEMEDPOSITIVE>
<LEDGERFROMITEM>No</LEDGERFROMITEM>
<LEDGERNAME>IGST</LEDGERNAME>
<AMOUNT>0.0000000</AMOUNT>
</ALLLEDGERENTRIES.LIST>
<ALLLEDGERENTRIES.LIST>
<REMOVEZEROENTRIES>No</REMOVEZEROENTRIES>
<ISDEEMEDPOSITIVE>No</ISDEEMEDPOSITIVE>
<LEDGERFROMITEM>No</LEDGERFROMITEM>
<LEDGERNAME>Container Handling Services-Import-GST</LEDGERNAME>
<AMOUNT>0.000</AMOUNT>
</ALLLEDGERENTRIES.LIST>
<ALLLEDGERENTRIES.LIST>
<REMOVEZEROENTRIES>No</REMOVEZEROENTRIES>
<ISDEEMEDPOSITIVE>No</ISDEEMEDPOSITIVE>
<LEDGERFROMITEM>No</LEDGERFROMITEM>
<LEDGERNAME>IGST</LEDGERNAME>
<AMOUNT>0.0000000</AMOUNT>
</ALLLEDGERENTRIES.LIST>
<ALLLEDGERENTRIES.LIST>
<REMOVEZEROENTRIES>No</REMOVEZEROENTRIES>
<ISDEEMEDPOSITIVE>No</ISDEEMEDPOSITIVE>
<LEDGERFROMITEM>No</LEDGERFROMITEM>
<LEDGERNAME>SHORT AND EXCESS</LEDGERNAME>
<AMOUNT>0.000</AMOUNT>
</ALLLEDGERENTRIES.LIST>
</VOUCHER>
<VOUCHER>
<ISOPTIONAL>No</ISOPTIONAL>
<USEFORGAINLOSS>No</USEFORGAINLOSS>
<USEFORCOMPOUND>No</USEFORCOMPOUND>
<VOUCHERTYPENAME>Sales-Import-CFSM</VOUCHERTYPENAME>
<DATE>20191105</DATE>
<EFFECTIVEDATE>20191105</EFFECTIVEDATE>
<ISCANCELLED>No</ISCANCELLED>
<USETRACKINGNUMBER>No</USETRACKINGNUMBER>
<ISPOSTDATED>No</ISPOSTDATED>
<ISINVOICE>No</ISINVOICE>
<DIFFACTUALQTY>No</DIFFACTUALQTY>
<VOUCHERNUMBER>ALSI009286/19-20</VOUCHERNUMBER>
<PARTYLEDGERNAME></PARTYLEDGERNAME>
<STATENAME>Maharashtra</STATENAME>
<NARRATION>Being amount debited towards IGM No: 2236806, BL NO: HLCUSIN190933967, Importer: FORCE APPLIANCES PRIVATE LIMITED, VOY NO: 130, Vessel: NYK ARGUS, LINER: Hapag OffDocTHC-Hapag LLoyd India Pvt. Ltd. and containers:  2 X 40, Invoice No: ALSI009286/19-20</NARRATION>
<PARTYGSTIN>27AAFCT7312Q1ZS</PARTYGSTIN>
<ALLLEDGERENTRIES.LIST>
<REMOVEZEROENTRIES>No</REMOVEZEROENTRIES>
<ISDEEMEDPOSITIVE>Yes</ISDEEMEDPOSITIVE>
<LEDGERFROMITEM>No</LEDGERFROMITEM>
<LEDGERNAME></LEDGERNAME>
<AMOUNT>-117493.000</AMOUNT>
<BILLALLOCATIONS.LIST>
<NAME>ALSI009286/19-20</NAME>
<BILLTYPE>New Ref</BILLTYPE>
<AMOUNT>-117493.000</AMOUNT>
</BILLALLOCATIONS.LIST>
</ALLLEDGERENTRIES.LIST>
<ALLLEDGERENTRIES.LIST>
<REMOVEZEROENTRIES>No</REMOVEZEROENTRIES>
<ISDEEMEDPOSITIVE>No</ISDEEMEDPOSITIVE>
<LEDGERFROMITEM>No</LEDGERFROMITEM>
<LEDGERNAME>Container Handling Services-Import-GST</LEDGERNAME>
<AMOUNT>17960.000</AMOUNT>
</ALLLEDGERENTRIES.LIST>
<ALLLEDGERENTRIES.LIST>
<REMOVEZEROENTRIES>No</REMOVEZEROENTRIES>
<ISDEEMEDPOSITIVE>No</ISDEEMEDPOSITIVE>
<LEDGERFROMITEM>No</LEDGERFROMITEM>
<LEDGERNAME>SGST</LEDGERNAME>
<AMOUNT>1616.4000000</AMOUNT>
</ALLLEDGERENTRIES.LIST>
<ALLLEDGERENTRIES.LIST>
<REMOVEZEROENTRIES>No</REMOVEZEROENTRIES>
<ISDEEMEDPOSITIVE>No</ISDEEMEDPOSITIVE>
<LEDGERFROMITEM>No</LEDGERFROMITEM>
<LEDGERNAME>CGST</LEDGERNAME>
<AMOUNT>1616.4000000</AMOUNT>
</ALLLEDGERENTRIES.LIST>
<ALLLEDGERENTRIES.LIST>
<REMOVEZEROENTRIES>No</REMOVEZEROENTRIES>
<ISDEEMEDPOSITIVE>No</ISDEEMEDPOSITIVE>
<LEDGERFROMITEM>No</LEDGERFROMITEM>
<LEDGERNAME>Container Handling Services-Import-GST</LEDGERNAME>
<AMOUNT>2000.000</AMOUNT>
</ALLLEDGERENTRIES.LIST>
<ALLLEDGERENTRIES.LIST>
<REMOVEZEROENTRIES>No</REMOVEZEROENTRIES>
<ISDEEMEDPOSITIVE>No</ISDEEMEDPOSITIVE>
<LEDGERFROMITEM>No</LEDGERFROMITEM>
<LEDGERNAME>CGST</LEDGERNAME>
<AMOUNT>180.0000000</AMOUNT>
</ALLLEDGERENTRIES.LIST>
<ALLLEDGERENTRIES.LIST>
<REMOVEZEROENTRIES>No</REMOVEZEROENTRIES>
<ISDEEMEDPOSITIVE>No</ISDEEMEDPOSITIVE>
<LEDGERFROMITEM>No</LEDGERFROMITEM>
<LEDGERNAME>SGST</LEDGERNAME>
<AMOUNT>180.0000000</AMOUNT>
</ALLLEDGERENTRIES.LIST>
<ALLLEDGERENTRIES.LIST>
<REMOVEZEROENTRIES>No</REMOVEZEROENTRIES>
<ISDEEMEDPOSITIVE>No</ISDEEMEDPOSITIVE>
<LEDGERFROMITEM>No</LEDGERFROMITEM>
<LEDGERNAME>Other Storage and Warehousing Services-Import-GST</LEDGERNAME>
<AMOUNT>61800.000</AMOUNT>
</ALLLEDGERENTRIES.LIST>
<ALLLEDGERENTRIES.LIST>
<REMOVEZEROENTRIES>No</REMOVEZEROENTRIES>
<ISDEEMEDPOSITIVE>No</ISDEEMEDPOSITIVE>
<LEDGERFROMITEM>No</LEDGERFROMITEM>
<LEDGERNAME>SGST</LEDGERNAME>
<AMOUNT>5562.0000000</AMOUNT>
</ALLLEDGERENTRIES.LIST>
<ALLLEDGERENTRIES.LIST>
<REMOVEZEROENTRIES>No</REMOVEZEROENTRIES>
<ISDEEMEDPOSITIVE>No</ISDEEMEDPOSITIVE>
<LEDGERFROMITEM>No</LEDGERFROMITEM>
<LEDGERNAME>CGST</LEDGERNAME>
<AMOUNT>5562.0000000</AMOUNT>
</ALLLEDGERENTRIES.LIST>
<ALLLEDGERENTRIES.LIST>
<REMOVEZEROENTRIES>No</REMOVEZEROENTRIES>
<ISDEEMEDPOSITIVE>No</ISDEEMEDPOSITIVE>
<LEDGERFROMITEM>No</LEDGERFROMITEM>
<LEDGERNAME>Container Handling Services-Import-GST</LEDGERNAME>
<AMOUNT>4800.000</AMOUNT>
</ALLLEDGERENTRIES.LIST>
<ALLLEDGERENTRIES.LIST>
<REMOVEZEROENTRIES>No</REMOVEZEROENTRIES>
<ISDEEMEDPOSITIVE>No</ISDEEMEDPOSITIVE>
<LEDGERFROMITEM>No</LEDGERFROMITEM>
<LEDGERNAME>CGST</LEDGERNAME>
<AMOUNT>432.0000000</AMOUNT>
</ALLLEDGERENTRIES.LIST>
<ALLLEDGERENTRIES.LIST>
<REMOVEZEROENTRIES>No</REMOVEZEROENTRIES>
<ISDEEMEDPOSITIVE>No</ISDEEMEDPOSITIVE>
<LEDGERFROMITEM>No</LEDGERFROMITEM>
<LEDGERNAME>SGST</LEDGERNAME>
<AMOUNT>432.0000000</AMOUNT>
</ALLLEDGERENTRIES.LIST>
<ALLLEDGERENTRIES.LIST>
<REMOVEZEROENTRIES>No</REMOVEZEROENTRIES>
<ISDEEMEDPOSITIVE>No</ISDEEMEDPOSITIVE>
<LEDGERFROMITEM>No</LEDGERFROMITEM>
<LEDGERNAME>Container Handling Services-Import-GST</LEDGERNAME>
<AMOUNT>100.000</AMOUNT>
</ALLLEDGERENTRIES.LIST>
<ALLLEDGERENTRIES.LIST>
<REMOVEZEROENTRIES>No</REMOVEZEROENTRIES>
<ISDEEMEDPOSITIVE>No</ISDEEMEDPOSITIVE>
<LEDGERFROMITEM>No</LEDGERFROMITEM>
<LEDGERNAME>CGST</LEDGERNAME>
<AMOUNT>9.0000000</AMOUNT>
</ALLLEDGERENTRIES.LIST>
<ALLLEDGERENTRIES.LIST>
<REMOVEZEROENTRIES>No</REMOVEZEROENTRIES>
<ISDEEMEDPOSITIVE>No</ISDEEMEDPOSITIVE>
<LEDGERFROMITEM>No</LEDGERFROMITEM>
<LEDGERNAME>SGST</LEDGERNAME>
<AMOUNT>9.0000000</AMOUNT>
</ALLLEDGERENTRIES.LIST>
<ALLLEDGERENTRIES.LIST>
<REMOVEZEROENTRIES>No</REMOVEZEROENTRIES>
<ISDEEMEDPOSITIVE>No</ISDEEMEDPOSITIVE>
<LEDGERFROMITEM>No</LEDGERFROMITEM>
<LEDGERNAME>Container Handling Services-Import-GST</LEDGERNAME>
<AMOUNT>250.000</AMOUNT>
</ALLLEDGERENTRIES.LIST>
<ALLLEDGERENTRIES.LIST>
<REMOVEZEROENTRIES>No</REMOVEZEROENTRIES>
<ISDEEMEDPOSITIVE>No</ISDEEMEDPOSITIVE>
<LEDGERFROMITEM>No</LEDGERFROMITEM>
<LEDGERNAME>CGST</LEDGERNAME>
<AMOUNT>22.5000000</AMOUNT>
</ALLLEDGERENTRIES.LIST>
<ALLLEDGERENTRIES.LIST>
<REMOVEZEROENTRIES>No</REMOVEZEROENTRIES>
<ISDEEMEDPOSITIVE>No</ISDEEMEDPOSITIVE>
<LEDGERFROMITEM>No</LEDGERFROMITEM>
<LEDGERNAME>SGST</LEDGERNAME>
<AMOUNT>22.5000000</AMOUNT>
</ALLLEDGERENTRIES.LIST>
<ALLLEDGERENTRIES.LIST>
<REMOVEZEROENTRIES>No</REMOVEZEROENTRIES>
<ISDEEMEDPOSITIVE>No</ISDEEMEDPOSITIVE>
<LEDGERFROMITEM>No</LEDGERFROMITEM>
<LEDGERNAME>Container Handling Services-Import-GST</LEDGERNAME>
<AMOUNT>5000.000</AMOUNT>
</ALLLEDGERENTRIES.LIST>
<ALLLEDGERENTRIES.LIST>
<REMOVEZEROENTRIES>No</REMOVEZEROENTRIES>
<ISDEEMEDPOSITIVE>No</ISDEEMEDPOSITIVE>
<LEDGERFROMITEM>No</LEDGERFROMITEM>
<LEDGERNAME>CGST</LEDGERNAME>
<AMOUNT>450.0000000</AMOUNT>
</ALLLEDGERENTRIES.LIST>
<ALLLEDGERENTRIES.LIST>
<REMOVEZEROENTRIES>No</REMOVEZEROENTRIES>
<ISDEEMEDPOSITIVE>No</ISDEEMEDPOSITIVE>
<LEDGERFROMITEM>No</LEDGERFROMITEM>
<LEDGERNAME>SGST</LEDGERNAME>
<AMOUNT>450.0000000</AMOUNT>
</ALLLEDGERENTRIES.LIST>
<ALLLEDGERENTRIES.LIST>
<REMOVEZEROENTRIES>No</REMOVEZEROENTRIES>
<ISDEEMEDPOSITIVE>No</ISDEEMEDPOSITIVE>
<LEDGERFROMITEM>No</LEDGERFROMITEM>
<LEDGERNAME>Container Handling Services-Import-GST</LEDGERNAME>
<AMOUNT>60.000</AMOUNT>
</ALLLEDGERENTRIES.LIST>
<ALLLEDGERENTRIES.LIST>
<REMOVEZEROENTRIES>No</REMOVEZEROENTRIES>
<ISDEEMEDPOSITIVE>No</ISDEEMEDPOSITIVE>
<LEDGERFROMITEM>No</LEDGERFROMITEM>
<LEDGERNAME>CGST</LEDGERNAME>
<AMOUNT>5.4000000</AMOUNT>
</ALLLEDGERENTRIES.LIST>
<ALLLEDGERENTRIES.LIST>
<REMOVEZEROENTRIES>No</REMOVEZEROENTRIES>
<ISDEEMEDPOSITIVE>No</ISDEEMEDPOSITIVE>
<LEDGERFROMITEM>No</LEDGERFROMITEM>
<LEDGERNAME>SGST</LEDGERNAME>
<AMOUNT>5.4000000</AMOUNT>
</ALLLEDGERENTRIES.LIST>
<ALLLEDGERENTRIES.LIST>
<REMOVEZEROENTRIES>No</REMOVEZEROENTRIES>
<ISDEEMEDPOSITIVE>No</ISDEEMEDPOSITIVE>
<LEDGERFROMITEM>No</LEDGERFROMITEM>
<LEDGERNAME>Container Handling Services-Import-GST</LEDGERNAME>
<AMOUNT>400.000</AMOUNT>
</ALLLEDGERENTRIES.LIST>
<ALLLEDGERENTRIES.LIST>
<REMOVEZEROENTRIES>No</REMOVEZEROENTRIES>
<ISDEEMEDPOSITIVE>No</ISDEEMEDPOSITIVE>
<LEDGERFROMITEM>No</LEDGERFROMITEM>
<LEDGERNAME>CGST</LEDGERNAME>
<AMOUNT>36.0000000</AMOUNT>
</ALLLEDGERENTRIES.LIST>
<ALLLEDGERENTRIES.LIST>
<REMOVEZEROENTRIES>No</REMOVEZEROENTRIES>
<ISDEEMEDPOSITIVE>No</ISDEEMEDPOSITIVE>
<LEDGERFROMITEM>No</LEDGERFROMITEM>
<LEDGERNAME>SGST</LEDGERNAME>
<AMOUNT>36.0000000</AMOUNT>
</ALLLEDGERENTRIES.LIST>
<ALLLEDGERENTRIES.LIST>
<REMOVEZEROENTRIES>No</REMOVEZEROENTRIES>
<ISDEEMEDPOSITIVE>No</ISDEEMEDPOSITIVE>
<LEDGERFROMITEM>No</LEDGERFROMITEM>
<LEDGERNAME>Container Handling Services-Import-GST</LEDGERNAME>
<AMOUNT>4800.000</AMOUNT>
</ALLLEDGERENTRIES.LIST>
<ALLLEDGERENTRIES.LIST>
<REMOVEZEROENTRIES>No</REMOVEZEROENTRIES>
<ISDEEMEDPOSITIVE>No</ISDEEMEDPOSITIVE>
<LEDGERFROMITEM>No</LEDGERFROMITEM>
<LEDGERNAME>CGST</LEDGERNAME>
<AMOUNT>432.0000000</AMOUNT>
</ALLLEDGERENTRIES.LIST>
<ALLLEDGERENTRIES.LIST>
<REMOVEZEROENTRIES>No</REMOVEZEROENTRIES>
<ISDEEMEDPOSITIVE>No</ISDEEMEDPOSITIVE>
<LEDGERFROMITEM>No</LEDGERFROMITEM>
<LEDGERNAME>SGST</LEDGERNAME>
<AMOUNT>432.0000000</AMOUNT>
</ALLLEDGERENTRIES.LIST>
<ALLLEDGERENTRIES.LIST>
<REMOVEZEROENTRIES>No</REMOVEZEROENTRIES>
<ISDEEMEDPOSITIVE>No</ISDEEMEDPOSITIVE>
<LEDGERFROMITEM>No</LEDGERFROMITEM>
<LEDGERNAME>Container Handling Services-Import-GST</LEDGERNAME>
<AMOUNT>2400.000</AMOUNT>
</ALLLEDGERENTRIES.LIST>
<ALLLEDGERENTRIES.LIST>
<REMOVEZEROENTRIES>No</REMOVEZEROENTRIES>
<ISDEEMEDPOSITIVE>No</ISDEEMEDPOSITIVE>
<LEDGERFROMITEM>No</LEDGERFROMITEM>
<LEDGERNAME>CGST</LEDGERNAME>
<AMOUNT>216.0000000</AMOUNT>
</ALLLEDGERENTRIES.LIST>
<ALLLEDGERENTRIES.LIST>
<REMOVEZEROENTRIES>No</REMOVEZEROENTRIES>
<ISDEEMEDPOSITIVE>No</ISDEEMEDPOSITIVE>
<LEDGERFROMITEM>No</LEDGERFROMITEM>
<LEDGERNAME>SGST</LEDGERNAME>
<AMOUNT>216.0000000</AMOUNT>
</ALLLEDGERENTRIES.LIST>
<ALLLEDGERENTRIES.LIST>
<REMOVEZEROENTRIES>No</REMOVEZEROENTRIES>
<ISDEEMEDPOSITIVE>No</ISDEEMEDPOSITIVE>
<LEDGERFROMITEM>No</LEDGERFROMITEM>
<LEDGERNAME>SHORT AND EXCESS</LEDGERNAME>
<AMOUNT>0.400</AMOUNT>
</ALLLEDGERENTRIES.LIST>
</VOUCHER>
<VOUCHER>
<ISOPTIONAL>No</ISOPTIONAL>
<USEFORGAINLOSS>No</USEFORGAINLOSS>
<USEFORCOMPOUND>No</USEFORCOMPOUND>
<VOUCHERTYPENAME>Sales-Import-CFSM</VOUCHERTYPENAME>
<DATE>20191105</DATE>
<EFFECTIVEDATE>20191105</EFFECTIVEDATE>
<ISCANCELLED>No</ISCANCELLED>
<USETRACKINGNUMBER>No</USETRACKINGNUMBER>
<ISPOSTDATED>No</ISPOSTDATED>
<ISINVOICE>No</ISINVOICE>
<DIFFACTUALQTY>No</DIFFACTUALQTY>
<VOUCHERNUMBER>ALSI009288/19-20</VOUCHERNUMBER>
<PARTYLEDGERNAME>SHIVEN YARN PRIVATE LIMITED</PARTYLEDGERNAME>
<STATENAME>Gujarat</STATENAME>
<NARRATION>Being amount debited towards IGM No: 2237567, BL NO: COAU7044949320, Importer: SHIVEN YARN PYT. LTD., VOY NO: 112, Vessel: XIN BEIJING, LINER: Cosco(OffdocTHC) Shipping Line and containers:  1 X 40, Invoice No: ALSI009288/19-20</NARRATION>
<PARTYGSTIN>24AAWCS6997H1ZC</PARTYGSTIN>
<ALLLEDGERENTRIES.LIST>
<REMOVEZEROENTRIES>No</REMOVEZEROENTRIES>
<ISDEEMEDPOSITIVE>Yes</ISDEEMEDPOSITIVE>
<LEDGERFROMITEM>No</LEDGERFROMITEM>
<LEDGERNAME>SHIVEN YARN PRIVATE LIMITED</LEDGERNAME>
<AMOUNT>-44675.000</AMOUNT>
<BILLALLOCATIONS.LIST>
<NAME>ALSI009288/19-20</NAME>
<BILLTYPE>New Ref</BILLTYPE>
<AMOUNT>-44675.000</AMOUNT>
</BILLALLOCATIONS.LIST>
</ALLLEDGERENTRIES.LIST>
<ALLLEDGERENTRIES.LIST>
<REMOVEZEROENTRIES>No</REMOVEZEROENTRIES>
<ISDEEMEDPOSITIVE>No</ISDEEMEDPOSITIVE>
<LEDGERFROMITEM>No</LEDGERFROMITEM>
<LEDGERNAME>Container Handling Services-Import-GST</LEDGERNAME>
<AMOUNT>15980.000</AMOUNT>
</ALLLEDGERENTRIES.LIST>
<ALLLEDGERENTRIES.LIST>
<REMOVEZEROENTRIES>No</REMOVEZEROENTRIES>
<ISDEEMEDPOSITIVE>No</ISDEEMEDPOSITIVE>
<LEDGERFROMITEM>No</LEDGERFROMITEM>
<LEDGERNAME>IGST</LEDGERNAME>
<AMOUNT>2876.4000000</AMOUNT>
</ALLLEDGERENTRIES.LIST>
<ALLLEDGERENTRIES.LIST>
<REMOVEZEROENTRIES>No</REMOVEZEROENTRIES>
<ISDEEMEDPOSITIVE>No</ISDEEMEDPOSITIVE>
<LEDGERFROMITEM>No</LEDGERFROMITEM>
<LEDGERNAME>Other Storage and Warehousing Services-Import-GST</LEDGERNAME>
<AMOUNT>10400.000</AMOUNT>
</ALLLEDGERENTRIES.LIST>
<ALLLEDGERENTRIES.LIST>
<REMOVEZEROENTRIES>No</REMOVEZEROENTRIES>
<ISDEEMEDPOSITIVE>No</ISDEEMEDPOSITIVE>
<LEDGERFROMITEM>No</LEDGERFROMITEM>
<LEDGERNAME>IGST</LEDGERNAME>
<AMOUNT>1872.0000000</AMOUNT>
</ALLLEDGERENTRIES.LIST>
<ALLLEDGERENTRIES.LIST>
<REMOVEZEROENTRIES>No</REMOVEZEROENTRIES>
<ISDEEMEDPOSITIVE>No</ISDEEMEDPOSITIVE>
<LEDGERFROMITEM>No</LEDGERFROMITEM>
<LEDGERNAME>Container Handling Services-Import-GST</LEDGERNAME>
<AMOUNT>2400.000</AMOUNT>
</ALLLEDGERENTRIES.LIST>
<ALLLEDGERENTRIES.LIST>
<REMOVEZEROENTRIES>No</REMOVEZEROENTRIES>
<ISDEEMEDPOSITIVE>No</ISDEEMEDPOSITIVE>
<LEDGERFROMITEM>No</LEDGERFROMITEM>
<LEDGERNAME>IGST</LEDGERNAME>
<AMOUNT>432.0000000</AMOUNT>
</ALLLEDGERENTRIES.LIST>
<ALLLEDGERENTRIES.LIST>
<REMOVEZEROENTRIES>No</REMOVEZEROENTRIES>
<ISDEEMEDPOSITIVE>No</ISDEEMEDPOSITIVE>
<LEDGERFROMITEM>No</LEDGERFROMITEM>
<LEDGERNAME>Container Handling Services-Import-GST</LEDGERNAME>
<AMOUNT>50.000</AMOUNT>
</ALLLEDGERENTRIES.LIST>
<ALLLEDGERENTRIES.LIST>
<REMOVEZEROENTRIES>No</REMOVEZEROENTRIES>
<ISDEEMEDPOSITIVE>No</ISDEEMEDPOSITIVE>
<LEDGERFROMITEM>No</LEDGERFROMITEM>
<LEDGERNAME>IGST</LEDGERNAME>
<AMOUNT>9.0000000</AMOUNT>
</ALLLEDGERENTRIES.LIST>
<ALLLEDGERENTRIES.LIST>
<REMOVEZEROENTRIES>No</REMOVEZEROENTRIES>
<ISDEEMEDPOSITIVE>No</ISDEEMEDPOSITIVE>
<LEDGERFROMITEM>No</LEDGERFROMITEM>
<LEDGERNAME>Container Handling Services-Import-GST</LEDGERNAME>
<AMOUNT>5000.000</AMOUNT>
</ALLLEDGERENTRIES.LIST>
<ALLLEDGERENTRIES.LIST>
<REMOVEZEROENTRIES>No</REMOVEZEROENTRIES>
<ISDEEMEDPOSITIVE>No</ISDEEMEDPOSITIVE>
<LEDGERFROMITEM>No</LEDGERFROMITEM>
<LEDGERNAME>IGST</LEDGERNAME>
<AMOUNT>900.0000000</AMOUNT>
</ALLLEDGERENTRIES.LIST>
<ALLLEDGERENTRIES.LIST>
<REMOVEZEROENTRIES>No</REMOVEZEROENTRIES>
<ISDEEMEDPOSITIVE>No</ISDEEMEDPOSITIVE>
<LEDGERFROMITEM>No</LEDGERFROMITEM>
<LEDGERNAME>Container Handling Services-Import-GST</LEDGERNAME>
<AMOUNT>30.000</AMOUNT>
</ALLLEDGERENTRIES.LIST>
<ALLLEDGERENTRIES.LIST>
<REMOVEZEROENTRIES>No</REMOVEZEROENTRIES>
<ISDEEMEDPOSITIVE>No</ISDEEMEDPOSITIVE>
<LEDGERFROMITEM>No</LEDGERFROMITEM>
<LEDGERNAME>IGST</LEDGERNAME>
<AMOUNT>5.4000000</AMOUNT>
</ALLLEDGERENTRIES.LIST>
<ALLLEDGERENTRIES.LIST>
<REMOVEZEROENTRIES>No</REMOVEZEROENTRIES>
<ISDEEMEDPOSITIVE>No</ISDEEMEDPOSITIVE>
<LEDGERFROMITEM>No</LEDGERFROMITEM>
<LEDGERNAME>Container Handling Services-Import-GST</LEDGERNAME>
<AMOUNT>400.000</AMOUNT>
</ALLLEDGERENTRIES.LIST>
<ALLLEDGERENTRIES.LIST>
<REMOVEZEROENTRIES>No</REMOVEZEROENTRIES>
<ISDEEMEDPOSITIVE>No</ISDEEMEDPOSITIVE>
<LEDGERFROMITEM>No</LEDGERFROMITEM>
<LEDGERNAME>IGST</LEDGERNAME>
<AMOUNT>72.0000000</AMOUNT>
</ALLLEDGERENTRIES.LIST>
<ALLLEDGERENTRIES.LIST>
<REMOVEZEROENTRIES>No</REMOVEZEROENTRIES>
<ISDEEMEDPOSITIVE>No</ISDEEMEDPOSITIVE>
<LEDGERFROMITEM>No</LEDGERFROMITEM>
<LEDGERNAME>Container Handling Services-Import-GST</LEDGERNAME>
<AMOUNT>2400.000</AMOUNT>
</ALLLEDGERENTRIES.LIST>
<ALLLEDGERENTRIES.LIST>
<REMOVEZEROENTRIES>No</REMOVEZEROENTRIES>
<ISDEEMEDPOSITIVE>No</ISDEEMEDPOSITIVE>
<LEDGERFROMITEM>No</LEDGERFROMITEM>
<LEDGERNAME>IGST</LEDGERNAME>
<AMOUNT>432.0000000</AMOUNT>
</ALLLEDGERENTRIES.LIST>
<ALLLEDGERENTRIES.LIST>
<REMOVEZEROENTRIES>No</REMOVEZEROENTRIES>
<ISDEEMEDPOSITIVE>No</ISDEEMEDPOSITIVE>
<LEDGERFROMITEM>No</LEDGERFROMITEM>
<LEDGERNAME>Container Handling Services-Import-GST</LEDGERNAME>
<AMOUNT>1200.000</AMOUNT>
</ALLLEDGERENTRIES.LIST>
<ALLLEDGERENTRIES.LIST>
<REMOVEZEROENTRIES>No</REMOVEZEROENTRIES>
<ISDEEMEDPOSITIVE>No</ISDEEMEDPOSITIVE>
<LEDGERFROMITEM>No</LEDGERFROMITEM>
<LEDGERNAME>IGST</LEDGERNAME>
<AMOUNT>216.0000000</AMOUNT>
</ALLLEDGERENTRIES.LIST>
<ALLLEDGERENTRIES.LIST>
<REMOVEZEROENTRIES>No</REMOVEZEROENTRIES>
<ISDEEMEDPOSITIVE>No</ISDEEMEDPOSITIVE>
<LEDGERFROMITEM>No</LEDGERFROMITEM>
<LEDGERNAME>SHORT AND EXCESS</LEDGERNAME>
<AMOUNT>0.200</AMOUNT>
</ALLLEDGERENTRIES.LIST>
</VOUCHER>
<VOUCHER>
<ISOPTIONAL>No</ISOPTIONAL>
<USEFORGAINLOSS>No</USEFORGAINLOSS>
<USEFORCOMPOUND>No</USEFORCOMPOUND>
<VOUCHERTYPENAME>Sales-Import-CFSM</VOUCHERTYPENAME>
<DATE>20191105</DATE>
<EFFECTIVEDATE>20191105</EFFECTIVEDATE>
<ISCANCELLED>No</ISCANCELLED>
<USETRACKINGNUMBER>No</USETRACKINGNUMBER>
<ISPOSTDATED>No</ISPOSTDATED>
<ISINVOICE>No</ISINVOICE>
<DIFFACTUALQTY>No</DIFFACTUALQTY>
<VOUCHERNUMBER>ALSI009289/19-20</VOUCHERNUMBER>
<PARTYLEDGERNAME>MONTEX GLASS FIBRE INDS P LTD.</PARTYLEDGERNAME>
<STATENAME>Maharashtra</STATENAME>
<NARRATION>Being amount debited towards IGM No: 2237567, BL NO: OOLU2627379680, Importer: MONTEX GLASS FIBRE INDUSTRIES, VOY NO: 112, Vessel: XIN BEIJING, LINER: OOCLOFFDOCTHC-OOCL Line and containers:  1 X 40, Invoice No: ALSI009289/19-20</NARRATION>
<PARTYGSTIN>27AABCM9322K1Z9</PARTYGSTIN>
<ALLLEDGERENTRIES.LIST>
<REMOVEZEROENTRIES>No</REMOVEZEROENTRIES>
<ISDEEMEDPOSITIVE>Yes</ISDEEMEDPOSITIVE>
<LEDGERFROMITEM>No</LEDGERFROMITEM>
<LEDGERNAME>MONTEX GLASS FIBRE INDS P LTD.</LEDGERNAME>
<AMOUNT>-22573.000</AMOUNT>
<BILLALLOCATIONS.LIST>
<NAME>ALSI009289/19-20</NAME>
<BILLTYPE>New Ref</BILLTYPE>
<AMOUNT>-22573.000</AMOUNT>
</BILLALLOCATIONS.LIST>
</ALLLEDGERENTRIES.LIST>
<ALLLEDGERENTRIES.LIST>
<REMOVEZEROENTRIES>No</REMOVEZEROENTRIES>
<ISDEEMEDPOSITIVE>No</ISDEEMEDPOSITIVE>
<LEDGERFROMITEM>No</LEDGERFROMITEM>
<LEDGERNAME>Container Handling Services-Import-GST</LEDGERNAME>
<AMOUNT>9000.000</AMOUNT>
</ALLLEDGERENTRIES.LIST>
<ALLLEDGERENTRIES.LIST>
<REMOVEZEROENTRIES>No</REMOVEZEROENTRIES>
<ISDEEMEDPOSITIVE>No</ISDEEMEDPOSITIVE>
<LEDGERFROMITEM>No</LEDGERFROMITEM>
<LEDGERNAME>CGST</LEDGERNAME>
<AMOUNT>810.0000000</AMOUNT>
</ALLLEDGERENTRIES.LIST>
<ALLLEDGERENTRIES.LIST>
<REMOVEZEROENTRIES>No</REMOVEZEROENTRIES>
<ISDEEMEDPOSITIVE>No</ISDEEMEDPOSITIVE>
<LEDGERFROMITEM>No</LEDGERFROMITEM>
<LEDGERNAME>SGST</LEDGERNAME>
<AMOUNT>810.0000000</AMOUNT>
</ALLLEDGERENTRIES.LIST>
<ALLLEDGERENTRIES.LIST>
<REMOVEZEROENTRIES>No</REMOVEZEROENTRIES>
<ISDEEMEDPOSITIVE>No</ISDEEMEDPOSITIVE>
<LEDGERFROMITEM>No</LEDGERFROMITEM>
<LEDGERNAME>Container Handling Services-Import-GST</LEDGERNAME>
<AMOUNT>2000.000</AMOUNT>
</ALLLEDGERENTRIES.LIST>
<ALLLEDGERENTRIES.LIST>
<REMOVEZEROENTRIES>No</REMOVEZEROENTRIES>
<ISDEEMEDPOSITIVE>No</ISDEEMEDPOSITIVE>
<LEDGERFROMITEM>No</LEDGERFROMITEM>
<LEDGERNAME>CGST</LEDGERNAME>
<AMOUNT>180.0000000</AMOUNT>
</ALLLEDGERENTRIES.LIST>
<ALLLEDGERENTRIES.LIST>
<REMOVEZEROENTRIES>No</REMOVEZEROENTRIES>
<ISDEEMEDPOSITIVE>No</ISDEEMEDPOSITIVE>
<LEDGERFROMITEM>No</LEDGERFROMITEM>
<LEDGERNAME>SGST</LEDGERNAME>
<AMOUNT>180.0000000</AMOUNT>
</ALLLEDGERENTRIES.LIST>
<ALLLEDGERENTRIES.LIST>
<REMOVEZEROENTRIES>No</REMOVEZEROENTRIES>
<ISDEEMEDPOSITIVE>No</ISDEEMEDPOSITIVE>
<LEDGERFROMITEM>No</LEDGERFROMITEM>
<LEDGERNAME>Other Storage and Warehousing Services-Import-GST</LEDGERNAME>
<AMOUNT>1600.000</AMOUNT>
</ALLLEDGERENTRIES.LIST>
<ALLLEDGERENTRIES.LIST>
<REMOVEZEROENTRIES>No</REMOVEZEROENTRIES>
<ISDEEMEDPOSITIVE>No</ISDEEMEDPOSITIVE>
<LEDGERFROMITEM>No</LEDGERFROMITEM>
<LEDGERNAME>SGST</LEDGERNAME>
<AMOUNT>144.0000000</AMOUNT>
</ALLLEDGERENTRIES.LIST>
<ALLLEDGERENTRIES.LIST>
<REMOVEZEROENTRIES>No</REMOVEZEROENTRIES>
<ISDEEMEDPOSITIVE>No</ISDEEMEDPOSITIVE>
<LEDGERFROMITEM>No</LEDGERFROMITEM>
<LEDGERNAME>CGST</LEDGERNAME>
<AMOUNT>144.0000000</AMOUNT>
</ALLLEDGERENTRIES.LIST>
<ALLLEDGERENTRIES.LIST>
<REMOVEZEROENTRIES>No</REMOVEZEROENTRIES>
<ISDEEMEDPOSITIVE>No</ISDEEMEDPOSITIVE>
<LEDGERFROMITEM>No</LEDGERFROMITEM>
<LEDGERNAME>Container Handling Services-Import-GST</LEDGERNAME>
<AMOUNT>30.000</AMOUNT>
</ALLLEDGERENTRIES.LIST>
<ALLLEDGERENTRIES.LIST>
<REMOVEZEROENTRIES>No</REMOVEZEROENTRIES>
<ISDEEMEDPOSITIVE>No</ISDEEMEDPOSITIVE>
<LEDGERFROMITEM>No</LEDGERFROMITEM>
<LEDGERNAME>CGST</LEDGERNAME>
<AMOUNT>2.7000000</AMOUNT>
</ALLLEDGERENTRIES.LIST>
<ALLLEDGERENTRIES.LIST>
<REMOVEZEROENTRIES>No</REMOVEZEROENTRIES>
<ISDEEMEDPOSITIVE>No</ISDEEMEDPOSITIVE>
<LEDGERFROMITEM>No</LEDGERFROMITEM>
<LEDGERNAME>SGST</LEDGERNAME>
<AMOUNT>2.7000000</AMOUNT>
</ALLLEDGERENTRIES.LIST>
<ALLLEDGERENTRIES.LIST>
<REMOVEZEROENTRIES>No</REMOVEZEROENTRIES>
<ISDEEMEDPOSITIVE>No</ISDEEMEDPOSITIVE>
<LEDGERFROMITEM>No</LEDGERFROMITEM>
<LEDGERNAME>Container Handling Services-Import-GST</LEDGERNAME>
<AMOUNT>6500.000</AMOUNT>
</ALLLEDGERENTRIES.LIST>
<ALLLEDGERENTRIES.LIST>
<REMOVEZEROENTRIES>No</REMOVEZEROENTRIES>
<ISDEEMEDPOSITIVE>No</ISDEEMEDPOSITIVE>
<LEDGERFROMITEM>No</LEDGERFROMITEM>
<LEDGERNAME>CGST</LEDGERNAME>
<AMOUNT>585.0000000</AMOUNT>
</ALLLEDGERENTRIES.LIST>
<ALLLEDGERENTRIES.LIST>
<REMOVEZEROENTRIES>No</REMOVEZEROENTRIES>
<ISDEEMEDPOSITIVE>No</ISDEEMEDPOSITIVE>
<LEDGERFROMITEM>No</LEDGERFROMITEM>
<LEDGERNAME>SGST</LEDGERNAME>
<AMOUNT>585.0000000</AMOUNT>
</ALLLEDGERENTRIES.LIST>
<ALLLEDGERENTRIES.LIST>
<REMOVEZEROENTRIES>No</REMOVEZEROENTRIES>
<ISDEEMEDPOSITIVE>No</ISDEEMEDPOSITIVE>
<LEDGERFROMITEM>No</LEDGERFROMITEM>
<LEDGERNAME>SHORT AND EXCESS</LEDGERNAME>
<AMOUNT>-0.400</AMOUNT>
</ALLLEDGERENTRIES.LIST>
</VOUCHER>
<VOUCHER>
<ISOPTIONAL>No</ISOPTIONAL>
<USEFORGAINLOSS>No</USEFORGAINLOSS>
<USEFORCOMPOUND>No</USEFORCOMPOUND>
<VOUCHERTYPENAME>Sales-Import-CFSM</VOUCHERTYPENAME>
<DATE>20191105</DATE>
<EFFECTIVEDATE>20191105</EFFECTIVEDATE>
<ISCANCELLED>No</ISCANCELLED>
<USETRACKINGNUMBER>No</USETRACKINGNUMBER>
<ISPOSTDATED>No</ISPOSTDATED>
<ISINVOICE>No</ISINVOICE>
<DIFFACTUALQTY>No</DIFFACTUALQTY>
<VOUCHERNUMBER>ALSI009290/19-20</VOUCHERNUMBER>
<PARTYLEDGERNAME>CHOUDHARY GARMENTS</PARTYLEDGERNAME>
<STATENAME>Maharashtra</STATENAME>
<NARRATION>Being amount debited towards IGM No: 2237794, BL NO: 0319547478/0319548296/0319548297, Importer: CHOUDHARY GARMENTS, VOY NO: 049, Vessel: WAN HAI 517, LINER: WAN HAI LINE and containers:  1 X 20, Invoice No: ALSI009290/19-20</NARRATION>
<PARTYGSTIN>27AAAFC1385L1ZD</PARTYGSTIN>
<ALLLEDGERENTRIES.LIST>
<REMOVEZEROENTRIES>No</REMOVEZEROENTRIES>
<ISDEEMEDPOSITIVE>Yes</ISDEEMEDPOSITIVE>
<LEDGERFROMITEM>No</LEDGERFROMITEM>
<LEDGERNAME>CHOUDHARY GARMENTS</LEDGERNAME>
<AMOUNT>-15924.000</AMOUNT>
<BILLALLOCATIONS.LIST>
<NAME>ALSI009290/19-20</NAME>
<BILLTYPE>New Ref</BILLTYPE>
<AMOUNT>-15924.000</AMOUNT>
</BILLALLOCATIONS.LIST>
</ALLLEDGERENTRIES.LIST>
<ALLLEDGERENTRIES.LIST>
<REMOVEZEROENTRIES>No</REMOVEZEROENTRIES>
<ISDEEMEDPOSITIVE>No</ISDEEMEDPOSITIVE>
<LEDGERFROMITEM>No</LEDGERFROMITEM>
<LEDGERNAME>Container Handling Services-Import-GST</LEDGERNAME>
<AMOUNT>7365.000</AMOUNT>
</ALLLEDGERENTRIES.LIST>
<ALLLEDGERENTRIES.LIST>
<REMOVEZEROENTRIES>No</REMOVEZEROENTRIES>
<ISDEEMEDPOSITIVE>No</ISDEEMEDPOSITIVE>
<LEDGERFROMITEM>No</LEDGERFROMITEM>
<LEDGERNAME>SGST</LEDGERNAME>
<AMOUNT>662.8500000</AMOUNT>
</ALLLEDGERENTRIES.LIST>
<ALLLEDGERENTRIES.LIST>
<REMOVEZEROENTRIES>No</REMOVEZEROENTRIES>
<ISDEEMEDPOSITIVE>No</ISDEEMEDPOSITIVE>
<LEDGERFROMITEM>No</LEDGERFROMITEM>
<LEDGERNAME>CGST</LEDGERNAME>
<AMOUNT>662.8500000</AMOUNT>
</ALLLEDGERENTRIES.LIST>
<ALLLEDGERENTRIES.LIST>
<REMOVEZEROENTRIES>No</REMOVEZEROENTRIES>
<ISDEEMEDPOSITIVE>No</ISDEEMEDPOSITIVE>
<LEDGERFROMITEM>No</LEDGERFROMITEM>
<LEDGERNAME>Container Handling Services-Import-GST</LEDGERNAME>
<AMOUNT>1000.000</AMOUNT>
</ALLLEDGERENTRIES.LIST>
<ALLLEDGERENTRIES.LIST>
<REMOVEZEROENTRIES>No</REMOVEZEROENTRIES>
<ISDEEMEDPOSITIVE>No</ISDEEMEDPOSITIVE>
<LEDGERFROMITEM>No</LEDGERFROMITEM>
<LEDGERNAME>CGST</LEDGERNAME>
<AMOUNT>90.0000000</AMOUNT>
</ALLLEDGERENTRIES.LIST>
<ALLLEDGERENTRIES.LIST>
<REMOVEZEROENTRIES>No</REMOVEZEROENTRIES>
<ISDEEMEDPOSITIVE>No</ISDEEMEDPOSITIVE>
<LEDGERFROMITEM>No</LEDGERFROMITEM>
<LEDGERNAME>SGST</LEDGERNAME>
<AMOUNT>90.0000000</AMOUNT>
</ALLLEDGERENTRIES.LIST>
<ALLLEDGERENTRIES.LIST>
<REMOVEZEROENTRIES>No</REMOVEZEROENTRIES>
<ISDEEMEDPOSITIVE>No</ISDEEMEDPOSITIVE>
<LEDGERFROMITEM>No</LEDGERFROMITEM>
<LEDGERNAME>Other Storage and Warehousing Services-Import-GST</LEDGERNAME>
<AMOUNT>1650.000</AMOUNT>
</ALLLEDGERENTRIES.LIST>
<ALLLEDGERENTRIES.LIST>
<REMOVEZEROENTRIES>No</REMOVEZEROENTRIES>
<ISDEEMEDPOSITIVE>No</ISDEEMEDPOSITIVE>
<LEDGERFROMITEM>No</LEDGERFROMITEM>
<LEDGERNAME>SGST</LEDGERNAME>
<AMOUNT>148.5000000</AMOUNT>
</ALLLEDGERENTRIES.LIST>
<ALLLEDGERENTRIES.LIST>
<REMOVEZEROENTRIES>No</REMOVEZEROENTRIES>
<ISDEEMEDPOSITIVE>No</ISDEEMEDPOSITIVE>
<LEDGERFROMITEM>No</LEDGERFROMITEM>
<LEDGERNAME>CGST</LEDGERNAME>
<AMOUNT>148.5000000</AMOUNT>
</ALLLEDGERENTRIES.LIST>
<ALLLEDGERENTRIES.LIST>
<REMOVEZEROENTRIES>No</REMOVEZEROENTRIES>
<ISDEEMEDPOSITIVE>No</ISDEEMEDPOSITIVE>
<LEDGERFROMITEM>No</LEDGERFROMITEM>
<LEDGERNAME>Container Handling Services-Import-GST</LEDGERNAME>
<AMOUNT>1200.000</AMOUNT>
</ALLLEDGERENTRIES.LIST>
<ALLLEDGERENTRIES.LIST>
<REMOVEZEROENTRIES>No</REMOVEZEROENTRIES>
<ISDEEMEDPOSITIVE>No</ISDEEMEDPOSITIVE>
<LEDGERFROMITEM>No</LEDGERFROMITEM>
<LEDGERNAME>SGST</LEDGERNAME>
<AMOUNT>108.0000000</AMOUNT>
</ALLLEDGERENTRIES.LIST>
<ALLLEDGERENTRIES.LIST>
<REMOVEZEROENTRIES>No</REMOVEZEROENTRIES>
<ISDEEMEDPOSITIVE>No</ISDEEMEDPOSITIVE>
<LEDGERFROMITEM>No</LEDGERFROMITEM>
<LEDGERNAME>CGST</LEDGERNAME>
<AMOUNT>108.0000000</AMOUNT>
</ALLLEDGERENTRIES.LIST>
<ALLLEDGERENTRIES.LIST>
<REMOVEZEROENTRIES>No</REMOVEZEROENTRIES>
<ISDEEMEDPOSITIVE>No</ISDEEMEDPOSITIVE>
<LEDGERFROMITEM>No</LEDGERFROMITEM>
<LEDGERNAME>Container Handling Services-Import-GST</LEDGERNAME>
<AMOUNT>50.000</AMOUNT>
</ALLLEDGERENTRIES.LIST>
<ALLLEDGERENTRIES.LIST>
<REMOVEZEROENTRIES>No</REMOVEZEROENTRIES>
<ISDEEMEDPOSITIVE>No</ISDEEMEDPOSITIVE>
<LEDGERFROMITEM>No</LEDGERFROMITEM>
<LEDGERNAME>CGST</LEDGERNAME>
<AMOUNT>4.5000000</AMOUNT>
</ALLLEDGERENTRIES.LIST>
<ALLLEDGERENTRIES.LIST>
<REMOVEZEROENTRIES>No</REMOVEZEROENTRIES>
<ISDEEMEDPOSITIVE>No</ISDEEMEDPOSITIVE>
<LEDGERFROMITEM>No</LEDGERFROMITEM>
<LEDGERNAME>SGST</LEDGERNAME>
<AMOUNT>4.5000000</AMOUNT>
</ALLLEDGERENTRIES.LIST>
<ALLLEDGERENTRIES.LIST>
<REMOVEZEROENTRIES>No</REMOVEZEROENTRIES>
<ISDEEMEDPOSITIVE>No</ISDEEMEDPOSITIVE>
<LEDGERFROMITEM>No</LEDGERFROMITEM>
<LEDGERNAME>Container Handling Services-Import-GST</LEDGERNAME>
<AMOUNT>30.000</AMOUNT>
</ALLLEDGERENTRIES.LIST>
<ALLLEDGERENTRIES.LIST>
<REMOVEZEROENTRIES>No</REMOVEZEROENTRIES>
<ISDEEMEDPOSITIVE>No</ISDEEMEDPOSITIVE>
<LEDGERFROMITEM>No</LEDGERFROMITEM>
<LEDGERNAME>CGST</LEDGERNAME>
<AMOUNT>2.7000000</AMOUNT>
</ALLLEDGERENTRIES.LIST>
<ALLLEDGERENTRIES.LIST>
<REMOVEZEROENTRIES>No</REMOVEZEROENTRIES>
<ISDEEMEDPOSITIVE>No</ISDEEMEDPOSITIVE>
<LEDGERFROMITEM>No</LEDGERFROMITEM>
<LEDGERNAME>SGST</LEDGERNAME>
<AMOUNT>2.7000000</AMOUNT>
</ALLLEDGERENTRIES.LIST>
<ALLLEDGERENTRIES.LIST>
<REMOVEZEROENTRIES>No</REMOVEZEROENTRIES>
<ISDEEMEDPOSITIVE>No</ISDEEMEDPOSITIVE>
<LEDGERFROMITEM>No</LEDGERFROMITEM>
<LEDGERNAME>Container Handling Services-Import-GST</LEDGERNAME>
<AMOUNT>400.000</AMOUNT>
</ALLLEDGERENTRIES.LIST>
<ALLLEDGERENTRIES.LIST>
<REMOVEZEROENTRIES>No</REMOVEZEROENTRIES>
<ISDEEMEDPOSITIVE>No</ISDEEMEDPOSITIVE>
<LEDGERFROMITEM>No</LEDGERFROMITEM>
<LEDGERNAME>SGST</LEDGERNAME>
<AMOUNT>36.0000000</AMOUNT>
</ALLLEDGERENTRIES.LIST>
<ALLLEDGERENTRIES.LIST>
<REMOVEZEROENTRIES>No</REMOVEZEROENTRIES>
<ISDEEMEDPOSITIVE>No</ISDEEMEDPOSITIVE>
<LEDGERFROMITEM>No</LEDGERFROMITEM>
<LEDGERNAME>CGST</LEDGERNAME>
<AMOUNT>36.0000000</AMOUNT>
</ALLLEDGERENTRIES.LIST>
<ALLLEDGERENTRIES.LIST>
<REMOVEZEROENTRIES>No</REMOVEZEROENTRIES>
<ISDEEMEDPOSITIVE>No</ISDEEMEDPOSITIVE>
<LEDGERFROMITEM>No</LEDGERFROMITEM>
<LEDGERNAME>Container Handling Services-Import-GST</LEDGERNAME>
<AMOUNT>1200.000</AMOUNT>
</ALLLEDGERENTRIES.LIST>
<ALLLEDGERENTRIES.LIST>
<REMOVEZEROENTRIES>No</REMOVEZEROENTRIES>
<ISDEEMEDPOSITIVE>No</ISDEEMEDPOSITIVE>
<LEDGERFROMITEM>No</LEDGERFROMITEM>
<LEDGERNAME>SGST</LEDGERNAME>
<AMOUNT>108.0000000</AMOUNT>
</ALLLEDGERENTRIES.LIST>
<ALLLEDGERENTRIES.LIST>
<REMOVEZEROENTRIES>No</REMOVEZEROENTRIES>
<ISDEEMEDPOSITIVE>No</ISDEEMEDPOSITIVE>
<LEDGERFROMITEM>No</LEDGERFROMITEM>
<LEDGERNAME>CGST</LEDGERNAME>
<AMOUNT>108.0000000</AMOUNT>
</ALLLEDGERENTRIES.LIST>
<ALLLEDGERENTRIES.LIST>
<REMOVEZEROENTRIES>No</REMOVEZEROENTRIES>
<ISDEEMEDPOSITIVE>No</ISDEEMEDPOSITIVE>
<LEDGERFROMITEM>No</LEDGERFROMITEM>
<LEDGERNAME>Container Handling Services-Import-GST</LEDGERNAME>
<AMOUNT>600.000</AMOUNT>
</ALLLEDGERENTRIES.LIST>
<ALLLEDGERENTRIES.LIST>
<REMOVEZEROENTRIES>No</REMOVEZEROENTRIES>
<ISDEEMEDPOSITIVE>No</ISDEEMEDPOSITIVE>
<LEDGERFROMITEM>No</LEDGERFROMITEM>
<LEDGERNAME>CGST</LEDGERNAME>
<AMOUNT>54.0000000</AMOUNT>
</ALLLEDGERENTRIES.LIST>
<ALLLEDGERENTRIES.LIST>
<REMOVEZEROENTRIES>No</REMOVEZEROENTRIES>
<ISDEEMEDPOSITIVE>No</ISDEEMEDPOSITIVE>
<LEDGERFROMITEM>No</LEDGERFROMITEM>
<LEDGERNAME>SGST</LEDGERNAME>
<AMOUNT>54.0000000</AMOUNT>
</ALLLEDGERENTRIES.LIST>
<ALLLEDGERENTRIES.LIST>
<REMOVEZEROENTRIES>No</REMOVEZEROENTRIES>
<ISDEEMEDPOSITIVE>No</ISDEEMEDPOSITIVE>
<LEDGERFROMITEM>No</LEDGERFROMITEM>
<LEDGERNAME>SHORT AND EXCESS</LEDGERNAME>
<AMOUNT>-0.100</AMOUNT>
</ALLLEDGERENTRIES.LIST>
</VOUCHER>
<VOUCHER>
<ISOPTIONAL>No</ISOPTIONAL>
<USEFORGAINLOSS>No</USEFORGAINLOSS>
<USEFORCOMPOUND>No</USEFORCOMPOUND>
<VOUCHERTYPENAME>Sales-Import-CFSM</VOUCHERTYPENAME>
<DATE>20191105</DATE>
<EFFECTIVEDATE>20191105</EFFECTIVEDATE>
<ISCANCELLED>No</ISCANCELLED>
<USETRACKINGNUMBER>No</USETRACKINGNUMBER>
<ISPOSTDATED>No</ISPOSTDATED>
<ISINVOICE>No</ISINVOICE>
<DIFFACTUALQTY>No</DIFFACTUALQTY>
<VOUCHERNUMBER>ALSI009292/19-20</VOUCHERNUMBER>
<PARTYLEDGERNAME>BHERULAL RADHESHYAM BHANDARI</PARTYLEDGERNAME>
<STATENAME>Maharashtra</STATENAME>
<NARRATION>Being amount debited towards IGM No: 2237570, BL NO: DNAK800099, Importer: BHERULAL RADHESHYAM BHANDARI , VOY NO: 939W, Vessel: MAERSK SALALAH, LINER: CMA CGM and containers:  3 X 20, Invoice No: ALSI009292/19-20</NARRATION>
<PARTYGSTIN>27ABHPB7882R1ZU</PARTYGSTIN>
<ALLLEDGERENTRIES.LIST>
<REMOVEZEROENTRIES>No</REMOVEZEROENTRIES>
<ISDEEMEDPOSITIVE>Yes</ISDEEMEDPOSITIVE>
<LEDGERFROMITEM>No</LEDGERFROMITEM>
<LEDGERNAME>BHERULAL RADHESHYAM BHANDARI</LEDGERNAME>
<AMOUNT>-1350.000</AMOUNT>
<BILLALLOCATIONS.LIST>
<NAME>ALSI009292/19-20</NAME>
<BILLTYPE>New Ref</BILLTYPE>
<AMOUNT>-1350.000</AMOUNT>
</BILLALLOCATIONS.LIST>
</ALLLEDGERENTRIES.LIST>
<ALLLEDGERENTRIES.LIST>
<REMOVEZEROENTRIES>No</REMOVEZEROENTRIES>
<ISDEEMEDPOSITIVE>No</ISDEEMEDPOSITIVE>
<LEDGERFROMITEM>No</LEDGERFROMITEM>
<LEDGERNAME>Other Storage and Warehousing Services-Import-GST</LEDGERNAME>
<AMOUNT>1350.000</AMOUNT>
</ALLLEDGERENTRIES.LIST>
<ALLLEDGERENTRIES.LIST>
<REMOVEZEROENTRIES>No</REMOVEZEROENTRIES>
<ISDEEMEDPOSITIVE>No</ISDEEMEDPOSITIVE>
<LEDGERFROMITEM>No</LEDGERFROMITEM>
<LEDGERNAME>SHORT AND EXCESS</LEDGERNAME>
<AMOUNT>0.000</AMOUNT>
</ALLLEDGERENTRIES.LIST>
</VOUCHER>
<VOUCHER>
<ISOPTIONAL>No</ISOPTIONAL>
<USEFORGAINLOSS>No</USEFORGAINLOSS>
<USEFORCOMPOUND>No</USEFORCOMPOUND>
<VOUCHERTYPENAME>Sales-Import-CFSM</VOUCHERTYPENAME>
<DATE>20191105</DATE>
<EFFECTIVEDATE>20191105</EFFECTIVEDATE>
<ISCANCELLED>No</ISCANCELLED>
<USETRACKINGNUMBER>No</USETRACKINGNUMBER>
<ISPOSTDATED>No</ISPOSTDATED>
<ISINVOICE>No</ISINVOICE>
<DIFFACTUALQTY>No</DIFFACTUALQTY>
<VOUCHERNUMBER>ALSI009293/19-20</VOUCHERNUMBER>
<PARTYLEDGERNAME>FORTUNE GOURMET SPECIALITIES PVT LTD</PARTYLEDGERNAME>
<STATENAME>Maharashtra</STATENAME>
<NARRATION>Being amount debited towards IGM No: 2237767, BL NO: CMBNHV000218, Importer: FORTUNE GOURMET SPECIALITIES PVT L, VOY NO: 135, Vessel: ITAL MASSIMA, LINER: Hapag OffDocTHC-Hapag LLoyd India Pvt. Ltd. and containers:  1 X 40, Invoice No: ALSI009293/19-20</NARRATION>
<PARTYGSTIN>27AAACF4952B1ZY</PARTYGSTIN>
<ALLLEDGERENTRIES.LIST>
<REMOVEZEROENTRIES>No</REMOVEZEROENTRIES>
<ISDEEMEDPOSITIVE>Yes</ISDEEMEDPOSITIVE>
<LEDGERFROMITEM>No</LEDGERFROMITEM>
<LEDGERNAME>FORTUNE GOURMET SPECIALITIES PVT LTD</LEDGERNAME>
<AMOUNT>-77479.000</AMOUNT>
<BILLALLOCATIONS.LIST>
<NAME>ALSI009293/19-20</NAME>
<BILLTYPE>New Ref</BILLTYPE>
<AMOUNT>-77479.000</AMOUNT>
</BILLALLOCATIONS.LIST>
</ALLLEDGERENTRIES.LIST>
<ALLLEDGERENTRIES.LIST>
<REMOVEZEROENTRIES>No</REMOVEZEROENTRIES>
<ISDEEMEDPOSITIVE>No</ISDEEMEDPOSITIVE>
<LEDGERFROMITEM>No</LEDGERFROMITEM>
<LEDGERNAME>Container Handling Services-Import-GST</LEDGERNAME>
<AMOUNT>11580.000</AMOUNT>
</ALLLEDGERENTRIES.LIST>
<ALLLEDGERENTRIES.LIST>
<REMOVEZEROENTRIES>No</REMOVEZEROENTRIES>
<ISDEEMEDPOSITIVE>No</ISDEEMEDPOSITIVE>
<LEDGERFROMITEM>No</LEDGERFROMITEM>
<LEDGERNAME>CGST</LEDGERNAME>
<AMOUNT>1042.2000000</AMOUNT>
</ALLLEDGERENTRIES.LIST>
<ALLLEDGERENTRIES.LIST>
<REMOVEZEROENTRIES>No</REMOVEZEROENTRIES>
<ISDEEMEDPOSITIVE>No</ISDEEMEDPOSITIVE>
<LEDGERFROMITEM>No</LEDGERFROMITEM>
<LEDGERNAME>SGST</LEDGERNAME>
<AMOUNT>1042.2000000</AMOUNT>
</ALLLEDGERENTRIES.LIST>
<ALLLEDGERENTRIES.LIST>
<REMOVEZEROENTRIES>No</REMOVEZEROENTRIES>
<ISDEEMEDPOSITIVE>No</ISDEEMEDPOSITIVE>
<LEDGERFROMITEM>No</LEDGERFROMITEM>
<LEDGERNAME>Other Storage and Warehousing Services-Import-GST</LEDGERNAME>
<AMOUNT>20800.000</AMOUNT>
</ALLLEDGERENTRIES.LIST>
<ALLLEDGERENTRIES.LIST>
<REMOVEZEROENTRIES>No</REMOVEZEROENTRIES>
<ISDEEMEDPOSITIVE>No</ISDEEMEDPOSITIVE>
<LEDGERFROMITEM>No</LEDGERFROMITEM>
<LEDGERNAME>CGST</LEDGERNAME>
<AMOUNT>1872.0000000</AMOUNT>
</ALLLEDGERENTRIES.LIST>
<ALLLEDGERENTRIES.LIST>
<REMOVEZEROENTRIES>No</REMOVEZEROENTRIES>
<ISDEEMEDPOSITIVE>No</ISDEEMEDPOSITIVE>
<LEDGERFROMITEM>No</LEDGERFROMITEM>
<LEDGERNAME>SGST</LEDGERNAME>
<AMOUNT>1872.0000000</AMOUNT>
</ALLLEDGERENTRIES.LIST>
<ALLLEDGERENTRIES.LIST>
<REMOVEZEROENTRIES>No</REMOVEZEROENTRIES>
<ISDEEMEDPOSITIVE>No</ISDEEMEDPOSITIVE>
<LEDGERFROMITEM>No</LEDGERFROMITEM>
<LEDGERNAME>Other Storage and Warehousing Services-Import-GST</LEDGERNAME>
<AMOUNT>20000.000</AMOUNT>
</ALLLEDGERENTRIES.LIST>
<ALLLEDGERENTRIES.LIST>
<REMOVEZEROENTRIES>No</REMOVEZEROENTRIES>
<ISDEEMEDPOSITIVE>No</ISDEEMEDPOSITIVE>
<LEDGERFROMITEM>No</LEDGERFROMITEM>
<LEDGERNAME>SGST</LEDGERNAME>
<AMOUNT>1800.0000000</AMOUNT>
</ALLLEDGERENTRIES.LIST>
<ALLLEDGERENTRIES.LIST>
<REMOVEZEROENTRIES>No</REMOVEZEROENTRIES>
<ISDEEMEDPOSITIVE>No</ISDEEMEDPOSITIVE>
<LEDGERFROMITEM>No</LEDGERFROMITEM>
<LEDGERNAME>CGST</LEDGERNAME>
<AMOUNT>1800.0000000</AMOUNT>
</ALLLEDGERENTRIES.LIST>
<ALLLEDGERENTRIES.LIST>
<REMOVEZEROENTRIES>No</REMOVEZEROENTRIES>
<ISDEEMEDPOSITIVE>No</ISDEEMEDPOSITIVE>
<LEDGERFROMITEM>No</LEDGERFROMITEM>
<LEDGERNAME>Other Storage and Warehousing Services-Import-GST</LEDGERNAME>
<AMOUNT>6800.000</AMOUNT>
</ALLLEDGERENTRIES.LIST>
<ALLLEDGERENTRIES.LIST>
<REMOVEZEROENTRIES>No</REMOVEZEROENTRIES>
<ISDEEMEDPOSITIVE>No</ISDEEMEDPOSITIVE>
<LEDGERFROMITEM>No</LEDGERFROMITEM>
<LEDGERNAME>SGST</LEDGERNAME>
<AMOUNT>612.0000000</AMOUNT>
</ALLLEDGERENTRIES.LIST>
<ALLLEDGERENTRIES.LIST>
<REMOVEZEROENTRIES>No</REMOVEZEROENTRIES>
<ISDEEMEDPOSITIVE>No</ISDEEMEDPOSITIVE>
<LEDGERFROMITEM>No</LEDGERFROMITEM>
<LEDGERNAME>CGST</LEDGERNAME>
<AMOUNT>612.0000000</AMOUNT>
</ALLLEDGERENTRIES.LIST>
<ALLLEDGERENTRIES.LIST>
<REMOVEZEROENTRIES>No</REMOVEZEROENTRIES>
<ISDEEMEDPOSITIVE>No</ISDEEMEDPOSITIVE>
<LEDGERFROMITEM>No</LEDGERFROMITEM>
<LEDGERNAME>Container Handling Services-Import-GST</LEDGERNAME>
<AMOUNT>2400.000</AMOUNT>
</ALLLEDGERENTRIES.LIST>
<ALLLEDGERENTRIES.LIST>
<REMOVEZEROENTRIES>No</REMOVEZEROENTRIES>
<ISDEEMEDPOSITIVE>No</ISDEEMEDPOSITIVE>
<LEDGERFROMITEM>No</LEDGERFROMITEM>
<LEDGERNAME>CGST</LEDGERNAME>
<AMOUNT>216.0000000</AMOUNT>
</ALLLEDGERENTRIES.LIST>
<ALLLEDGERENTRIES.LIST>
<REMOVEZEROENTRIES>No</REMOVEZEROENTRIES>
<ISDEEMEDPOSITIVE>No</ISDEEMEDPOSITIVE>
<LEDGERFROMITEM>No</LEDGERFROMITEM>
<LEDGERNAME>SGST</LEDGERNAME>
<AMOUNT>216.0000000</AMOUNT>
</ALLLEDGERENTRIES.LIST>
<ALLLEDGERENTRIES.LIST>
<REMOVEZEROENTRIES>No</REMOVEZEROENTRIES>
<ISDEEMEDPOSITIVE>No</ISDEEMEDPOSITIVE>
<LEDGERFROMITEM>No</LEDGERFROMITEM>
<LEDGERNAME>Container Handling Services-Import-GST</LEDGERNAME>
<AMOUNT>50.000</AMOUNT>
</ALLLEDGERENTRIES.LIST>
<ALLLEDGERENTRIES.LIST>
<REMOVEZEROENTRIES>No</REMOVEZEROENTRIES>
<ISDEEMEDPOSITIVE>No</ISDEEMEDPOSITIVE>
<LEDGERFROMITEM>No</LEDGERFROMITEM>
<LEDGERNAME>SGST</LEDGERNAME>
<AMOUNT>4.5000000</AMOUNT>
</ALLLEDGERENTRIES.LIST>
<ALLLEDGERENTRIES.LIST>
<REMOVEZEROENTRIES>No</REMOVEZEROENTRIES>
<ISDEEMEDPOSITIVE>No</ISDEEMEDPOSITIVE>
<LEDGERFROMITEM>No</LEDGERFROMITEM>
<LEDGERNAME>CGST</LEDGERNAME>
<AMOUNT>4.5000000</AMOUNT>
</ALLLEDGERENTRIES.LIST>
<ALLLEDGERENTRIES.LIST>
<REMOVEZEROENTRIES>No</REMOVEZEROENTRIES>
<ISDEEMEDPOSITIVE>No</ISDEEMEDPOSITIVE>
<LEDGERFROMITEM>No</LEDGERFROMITEM>
<LEDGERNAME>Container Handling Services-Import-GST</LEDGERNAME>
<AMOUNT>30.000</AMOUNT>
</ALLLEDGERENTRIES.LIST>
<ALLLEDGERENTRIES.LIST>
<REMOVEZEROENTRIES>No</REMOVEZEROENTRIES>
<ISDEEMEDPOSITIVE>No</ISDEEMEDPOSITIVE>
<LEDGERFROMITEM>No</LEDGERFROMITEM>
<LEDGERNAME>CGST</LEDGERNAME>
<AMOUNT>2.7000000</AMOUNT>
</ALLLEDGERENTRIES.LIST>
<ALLLEDGERENTRIES.LIST>
<REMOVEZEROENTRIES>No</REMOVEZEROENTRIES>
<ISDEEMEDPOSITIVE>No</ISDEEMEDPOSITIVE>
<LEDGERFROMITEM>No</LEDGERFROMITEM>
<LEDGERNAME>SGST</LEDGERNAME>
<AMOUNT>2.7000000</AMOUNT>
</ALLLEDGERENTRIES.LIST>
<ALLLEDGERENTRIES.LIST>
<REMOVEZEROENTRIES>No</REMOVEZEROENTRIES>
<ISDEEMEDPOSITIVE>No</ISDEEMEDPOSITIVE>
<LEDGERFROMITEM>No</LEDGERFROMITEM>
<LEDGERNAME>Container Handling Services-Import-GST</LEDGERNAME>
<AMOUNT>400.000</AMOUNT>
</ALLLEDGERENTRIES.LIST>
<ALLLEDGERENTRIES.LIST>
<REMOVEZEROENTRIES>No</REMOVEZEROENTRIES>
<ISDEEMEDPOSITIVE>No</ISDEEMEDPOSITIVE>
<LEDGERFROMITEM>No</LEDGERFROMITEM>
<LEDGERNAME>SGST</LEDGERNAME>
<AMOUNT>36.0000000</AMOUNT>
</ALLLEDGERENTRIES.LIST>
<ALLLEDGERENTRIES.LIST>
<REMOVEZEROENTRIES>No</REMOVEZEROENTRIES>
<ISDEEMEDPOSITIVE>No</ISDEEMEDPOSITIVE>
<LEDGERFROMITEM>No</LEDGERFROMITEM>
<LEDGERNAME>CGST</LEDGERNAME>
<AMOUNT>36.0000000</AMOUNT>
</ALLLEDGERENTRIES.LIST>
<ALLLEDGERENTRIES.LIST>
<REMOVEZEROENTRIES>No</REMOVEZEROENTRIES>
<ISDEEMEDPOSITIVE>No</ISDEEMEDPOSITIVE>
<LEDGERFROMITEM>No</LEDGERFROMITEM>
<LEDGERNAME>Container Handling Services-Import-GST</LEDGERNAME>
<AMOUNT>2400.000</AMOUNT>
</ALLLEDGERENTRIES.LIST>
<ALLLEDGERENTRIES.LIST>
<REMOVEZEROENTRIES>No</REMOVEZEROENTRIES>
<ISDEEMEDPOSITIVE>No</ISDEEMEDPOSITIVE>
<LEDGERFROMITEM>No</LEDGERFROMITEM>
<LEDGERNAME>CGST</LEDGERNAME>
<AMOUNT>216.0000000</AMOUNT>
</ALLLEDGERENTRIES.LIST>
<ALLLEDGERENTRIES.LIST>
<REMOVEZEROENTRIES>No</REMOVEZEROENTRIES>
<ISDEEMEDPOSITIVE>No</ISDEEMEDPOSITIVE>
<LEDGERFROMITEM>No</LEDGERFROMITEM>
<LEDGERNAME>SGST</LEDGERNAME>
<AMOUNT>216.0000000</AMOUNT>
</ALLLEDGERENTRIES.LIST>
<ALLLEDGERENTRIES.LIST>
<REMOVEZEROENTRIES>No</REMOVEZEROENTRIES>
<ISDEEMEDPOSITIVE>No</ISDEEMEDPOSITIVE>
<LEDGERFROMITEM>No</LEDGERFROMITEM>
<LEDGERNAME>Container Handling Services-Import-GST</LEDGERNAME>
<AMOUNT>1200.000</AMOUNT>
</ALLLEDGERENTRIES.LIST>
<ALLLEDGERENTRIES.LIST>
<REMOVEZEROENTRIES>No</REMOVEZEROENTRIES>
<ISDEEMEDPOSITIVE>No</ISDEEMEDPOSITIVE>
<LEDGERFROMITEM>No</LEDGERFROMITEM>
<LEDGERNAME>SGST</LEDGERNAME>
<AMOUNT>108.0000000</AMOUNT>
</ALLLEDGERENTRIES.LIST>
<ALLLEDGERENTRIES.LIST>
<REMOVEZEROENTRIES>No</REMOVEZEROENTRIES>
<ISDEEMEDPOSITIVE>No</ISDEEMEDPOSITIVE>
<LEDGERFROMITEM>No</LEDGERFROMITEM>
<LEDGERNAME>CGST</LEDGERNAME>
<AMOUNT>108.0000000</AMOUNT>
</ALLLEDGERENTRIES.LIST>
<ALLLEDGERENTRIES.LIST>
<REMOVEZEROENTRIES>No</REMOVEZEROENTRIES>
<ISDEEMEDPOSITIVE>No</ISDEEMEDPOSITIVE>
<LEDGERFROMITEM>No</LEDGERFROMITEM>
<LEDGERNAME>SHORT AND EXCESS</LEDGERNAME>
<AMOUNT>0.200</AMOUNT>
</ALLLEDGERENTRIES.LIST>
</VOUCHER>
<VOUCHER>
<ISOPTIONAL>No</ISOPTIONAL>
<USEFORGAINLOSS>No</USEFORGAINLOSS>
<USEFORCOMPOUND>No</USEFORCOMPOUND>
<VOUCHERTYPENAME>Sales-Import-CFSM</VOUCHERTYPENAME>
<DATE>20191105</DATE>
<EFFECTIVEDATE>20191105</EFFECTIVEDATE>
<ISCANCELLED>No</ISCANCELLED>
<USETRACKINGNUMBER>No</USETRACKINGNUMBER>
<ISPOSTDATED>No</ISPOSTDATED>
<ISINVOICE>No</ISINVOICE>
<DIFFACTUALQTY>No</DIFFACTUALQTY>
<VOUCHERNUMBER>ALSI009294/19-20</VOUCHERNUMBER>
<PARTYLEDGERNAME>CREATIVE ENTERPRISES</PARTYLEDGERNAME>
<STATENAME>Rajasthan</STATENAME>
<NARRATION>Being amount debited towards IGM No: 2238114, BL NO: WLSZE19100136, Importer: CREATIVE ENTERPRISES, VOY NO: 923, Vessel: ZIM NEWYORK, LINER: Cosco(OffdocTHC) Shipping Line and containers:  1 X 20, Invoice No: ALSI009294/19-20</NARRATION>
<PARTYGSTIN>08AAFFC7098H1Z3</PARTYGSTIN>
<ALLLEDGERENTRIES.LIST>
<REMOVEZEROENTRIES>No</REMOVEZEROENTRIES>
<ISDEEMEDPOSITIVE>Yes</ISDEEMEDPOSITIVE>
<LEDGERFROMITEM>No</LEDGERFROMITEM>
<LEDGERNAME>CREATIVE ENTERPRISES</LEDGERNAME>
<AMOUNT>-13505.000</AMOUNT>
<BILLALLOCATIONS.LIST>
<NAME>ALSI009294/19-20</NAME>
<BILLTYPE>New Ref</BILLTYPE>
<AMOUNT>-13505.000</AMOUNT>
</BILLALLOCATIONS.LIST>
</ALLLEDGERENTRIES.LIST>
<ALLLEDGERENTRIES.LIST>
<REMOVEZEROENTRIES>No</REMOVEZEROENTRIES>
<ISDEEMEDPOSITIVE>No</ISDEEMEDPOSITIVE>
<LEDGERFROMITEM>No</LEDGERFROMITEM>
<LEDGERNAME>Container Handling Services-Import-GST</LEDGERNAME>
<AMOUNT>6865.000</AMOUNT>
</ALLLEDGERENTRIES.LIST>
<ALLLEDGERENTRIES.LIST>
<REMOVEZEROENTRIES>No</REMOVEZEROENTRIES>
<ISDEEMEDPOSITIVE>No</ISDEEMEDPOSITIVE>
<LEDGERFROMITEM>No</LEDGERFROMITEM>
<LEDGERNAME>IGST</LEDGERNAME>
<AMOUNT>1235.7000000</AMOUNT>
</ALLLEDGERENTRIES.LIST>
<ALLLEDGERENTRIES.LIST>
<REMOVEZEROENTRIES>No</REMOVEZEROENTRIES>
<ISDEEMEDPOSITIVE>No</ISDEEMEDPOSITIVE>
<LEDGERFROMITEM>No</LEDGERFROMITEM>
<LEDGERNAME>Other Storage and Warehousing Services-Import-GST</LEDGERNAME>
<AMOUNT>1100.000</AMOUNT>
</ALLLEDGERENTRIES.LIST>
<ALLLEDGERENTRIES.LIST>
<REMOVEZEROENTRIES>No</REMOVEZEROENTRIES>
<ISDEEMEDPOSITIVE>No</ISDEEMEDPOSITIVE>
<LEDGERFROMITEM>No</LEDGERFROMITEM>
<LEDGERNAME>IGST</LEDGERNAME>
<AMOUNT>198.0000000</AMOUNT>
</ALLLEDGERENTRIES.LIST>
<ALLLEDGERENTRIES.LIST>
<REMOVEZEROENTRIES>No</REMOVEZEROENTRIES>
<ISDEEMEDPOSITIVE>No</ISDEEMEDPOSITIVE>
<LEDGERFROMITEM>No</LEDGERFROMITEM>
<LEDGERNAME>Container Handling Services-Import-GST</LEDGERNAME>
<AMOUNT>1200.000</AMOUNT>
</ALLLEDGERENTRIES.LIST>
<ALLLEDGERENTRIES.LIST>
<REMOVEZEROENTRIES>No</REMOVEZEROENTRIES>
<ISDEEMEDPOSITIVE>No</ISDEEMEDPOSITIVE>
<LEDGERFROMITEM>No</LEDGERFROMITEM>
<LEDGERNAME>IGST</LEDGERNAME>
<AMOUNT>216.0000000</AMOUNT>
</ALLLEDGERENTRIES.LIST>
<ALLLEDGERENTRIES.LIST>
<REMOVEZEROENTRIES>No</REMOVEZEROENTRIES>
<ISDEEMEDPOSITIVE>No</ISDEEMEDPOSITIVE>
<LEDGERFROMITEM>No</LEDGERFROMITEM>
<LEDGERNAME>Container Handling Services-Import-GST</LEDGERNAME>
<AMOUNT>50.000</AMOUNT>
</ALLLEDGERENTRIES.LIST>
<ALLLEDGERENTRIES.LIST>
<REMOVEZEROENTRIES>No</REMOVEZEROENTRIES>
<ISDEEMEDPOSITIVE>No</ISDEEMEDPOSITIVE>
<LEDGERFROMITEM>No</LEDGERFROMITEM>
<LEDGERNAME>IGST</LEDGERNAME>
<AMOUNT>9.0000000</AMOUNT>
</ALLLEDGERENTRIES.LIST>
<ALLLEDGERENTRIES.LIST>
<REMOVEZEROENTRIES>No</REMOVEZEROENTRIES>
<ISDEEMEDPOSITIVE>No</ISDEEMEDPOSITIVE>
<LEDGERFROMITEM>No</LEDGERFROMITEM>
<LEDGERNAME>Container Handling Services-Import-GST</LEDGERNAME>
<AMOUNT>30.000</AMOUNT>
</ALLLEDGERENTRIES.LIST>
<ALLLEDGERENTRIES.LIST>
<REMOVEZEROENTRIES>No</REMOVEZEROENTRIES>
<ISDEEMEDPOSITIVE>No</ISDEEMEDPOSITIVE>
<LEDGERFROMITEM>No</LEDGERFROMITEM>
<LEDGERNAME>IGST</LEDGERNAME>
<AMOUNT>5.4000000</AMOUNT>
</ALLLEDGERENTRIES.LIST>
<ALLLEDGERENTRIES.LIST>
<REMOVEZEROENTRIES>No</REMOVEZEROENTRIES>
<ISDEEMEDPOSITIVE>No</ISDEEMEDPOSITIVE>
<LEDGERFROMITEM>No</LEDGERFROMITEM>
<LEDGERNAME>Container Handling Services-Import-GST</LEDGERNAME>
<AMOUNT>400.000</AMOUNT>
</ALLLEDGERENTRIES.LIST>
<ALLLEDGERENTRIES.LIST>
<REMOVEZEROENTRIES>No</REMOVEZEROENTRIES>
<ISDEEMEDPOSITIVE>No</ISDEEMEDPOSITIVE>
<LEDGERFROMITEM>No</LEDGERFROMITEM>
<LEDGERNAME>IGST</LEDGERNAME>
<AMOUNT>72.0000000</AMOUNT>
</ALLLEDGERENTRIES.LIST>
<ALLLEDGERENTRIES.LIST>
<REMOVEZEROENTRIES>No</REMOVEZEROENTRIES>
<ISDEEMEDPOSITIVE>No</ISDEEMEDPOSITIVE>
<LEDGERFROMITEM>No</LEDGERFROMITEM>
<LEDGERNAME>Container Handling Services-Import-GST</LEDGERNAME>
<AMOUNT>1200.000</AMOUNT>
</ALLLEDGERENTRIES.LIST>
<ALLLEDGERENTRIES.LIST>
<REMOVEZEROENTRIES>No</REMOVEZEROENTRIES>
<ISDEEMEDPOSITIVE>No</ISDEEMEDPOSITIVE>
<LEDGERFROMITEM>No</LEDGERFROMITEM>
<LEDGERNAME>IGST</LEDGERNAME>
<AMOUNT>216.0000000</AMOUNT>
</ALLLEDGERENTRIES.LIST>
<ALLLEDGERENTRIES.LIST>
<REMOVEZEROENTRIES>No</REMOVEZEROENTRIES>
<ISDEEMEDPOSITIVE>No</ISDEEMEDPOSITIVE>
<LEDGERFROMITEM>No</LEDGERFROMITEM>
<LEDGERNAME>Container Handling Services-Import-GST</LEDGERNAME>
<AMOUNT>600.000</AMOUNT>
</ALLLEDGERENTRIES.LIST>
<ALLLEDGERENTRIES.LIST>
<REMOVEZEROENTRIES>No</REMOVEZEROENTRIES>
<ISDEEMEDPOSITIVE>No</ISDEEMEDPOSITIVE>
<LEDGERFROMITEM>No</LEDGERFROMITEM>
<LEDGERNAME>IGST</LEDGERNAME>
<AMOUNT>108.0000000</AMOUNT>
</ALLLEDGERENTRIES.LIST>
<ALLLEDGERENTRIES.LIST>
<REMOVEZEROENTRIES>No</REMOVEZEROENTRIES>
<ISDEEMEDPOSITIVE>No</ISDEEMEDPOSITIVE>
<LEDGERFROMITEM>No</LEDGERFROMITEM>
<LEDGERNAME>SHORT AND EXCESS</LEDGERNAME>
<AMOUNT>-0.100</AMOUNT>
</ALLLEDGERENTRIES.LIST>
</VOUCHER>
<VOUCHER>
<ISOPTIONAL>No</ISOPTIONAL>
<USEFORGAINLOSS>No</USEFORGAINLOSS>
<USEFORCOMPOUND>No</USEFORCOMPOUND>
<VOUCHERTYPENAME>Sales-Import-CFSM</VOUCHERTYPENAME>
<DATE>20191105</DATE>
<EFFECTIVEDATE>20191105</EFFECTIVEDATE>
<ISCANCELLED>No</ISCANCELLED>
<USETRACKINGNUMBER>No</USETRACKINGNUMBER>
<ISPOSTDATED>No</ISPOSTDATED>
<ISINVOICE>No</ISINVOICE>
<DIFFACTUALQTY>No</DIFFACTUALQTY>
<VOUCHERNUMBER>ALSH000335/19-20</VOUCHERNUMBER>
<PARTYLEDGERNAME>U B OVERSEAS</PARTYLEDGERNAME>
<STATENAME>Maharashtra</STATENAME>
<NARRATION>Being amount debited towards IGM No: 2237691, BL NO: MEDUL3333290, Importer: U B OVERSEAS, VOY NO: IS943R, Vessel: MSC BENEDETTA, LINER: MSC AGENCY (INDIA) PVT. LTD. and containers:  1 X 40, Invoice No: ALSH000335/19-20</NARRATION>
<PARTYGSTIN>27AAGPD1527M1ZR</PARTYGSTIN>
<ALLLEDGERENTRIES.LIST>
<REMOVEZEROENTRIES>No</REMOVEZEROENTRIES>
<ISDEEMEDPOSITIVE>Yes</ISDEEMEDPOSITIVE>
<LEDGERFROMITEM>No</LEDGERFROMITEM>
<LEDGERNAME>U B OVERSEAS</LEDGERNAME>
<AMOUNT>-39530.000</AMOUNT>
<BILLALLOCATIONS.LIST>
<NAME>ALSH000335/19-20</NAME>
<BILLTYPE>New Ref</BILLTYPE>
<AMOUNT>-39530.000</AMOUNT>
</BILLALLOCATIONS.LIST>
</ALLLEDGERENTRIES.LIST>
<ALLLEDGERENTRIES.LIST>
<REMOVEZEROENTRIES>No</REMOVEZEROENTRIES>
<ISDEEMEDPOSITIVE>No</ISDEEMEDPOSITIVE>
<LEDGERFROMITEM>No</LEDGERFROMITEM>
<LEDGERNAME>Container Handling Services-Import-GST</LEDGERNAME>
<AMOUNT>11500.000</AMOUNT>
</ALLLEDGERENTRIES.LIST>
<ALLLEDGERENTRIES.LIST>
<REMOVEZEROENTRIES>No</REMOVEZEROENTRIES>
<ISDEEMEDPOSITIVE>No</ISDEEMEDPOSITIVE>
<LEDGERFROMITEM>No</LEDGERFROMITEM>
<LEDGERNAME>CGST</LEDGERNAME>
<AMOUNT>1035.0000000</AMOUNT>
</ALLLEDGERENTRIES.LIST>
<ALLLEDGERENTRIES.LIST>
<REMOVEZEROENTRIES>No</REMOVEZEROENTRIES>
<ISDEEMEDPOSITIVE>No</ISDEEMEDPOSITIVE>
<LEDGERFROMITEM>No</LEDGERFROMITEM>
<LEDGERNAME>SGST</LEDGERNAME>
<AMOUNT>1035.0000000</AMOUNT>
</ALLLEDGERENTRIES.LIST>
<ALLLEDGERENTRIES.LIST>
<REMOVEZEROENTRIES>No</REMOVEZEROENTRIES>
<ISDEEMEDPOSITIVE>No</ISDEEMEDPOSITIVE>
<LEDGERFROMITEM>No</LEDGERFROMITEM>
<LEDGERNAME>Container Handling Services-Import-GST</LEDGERNAME>
<AMOUNT>2000.000</AMOUNT>
</ALLLEDGERENTRIES.LIST>
<ALLLEDGERENTRIES.LIST>
<REMOVEZEROENTRIES>No</REMOVEZEROENTRIES>
<ISDEEMEDPOSITIVE>No</ISDEEMEDPOSITIVE>
<LEDGERFROMITEM>No</LEDGERFROMITEM>
<LEDGERNAME>CGST</LEDGERNAME>
<AMOUNT>180.0000000</AMOUNT>
</ALLLEDGERENTRIES.LIST>
<ALLLEDGERENTRIES.LIST>
<REMOVEZEROENTRIES>No</REMOVEZEROENTRIES>
<ISDEEMEDPOSITIVE>No</ISDEEMEDPOSITIVE>
<LEDGERFROMITEM>No</LEDGERFROMITEM>
<LEDGERNAME>SGST</LEDGERNAME>
<AMOUNT>180.0000000</AMOUNT>
</ALLLEDGERENTRIES.LIST>
<ALLLEDGERENTRIES.LIST>
<REMOVEZEROENTRIES>No</REMOVEZEROENTRIES>
<ISDEEMEDPOSITIVE>No</ISDEEMEDPOSITIVE>
<LEDGERFROMITEM>No</LEDGERFROMITEM>
<LEDGERNAME>Container Handling Services-Import-GST</LEDGERNAME>
<AMOUNT>3000.000</AMOUNT>
</ALLLEDGERENTRIES.LIST>
<ALLLEDGERENTRIES.LIST>
<REMOVEZEROENTRIES>No</REMOVEZEROENTRIES>
<ISDEEMEDPOSITIVE>No</ISDEEMEDPOSITIVE>
<LEDGERFROMITEM>No</LEDGERFROMITEM>
<LEDGERNAME>CGST</LEDGERNAME>
<AMOUNT>270.0000000</AMOUNT>
</ALLLEDGERENTRIES.LIST>
<ALLLEDGERENTRIES.LIST>
<REMOVEZEROENTRIES>No</REMOVEZEROENTRIES>
<ISDEEMEDPOSITIVE>No</ISDEEMEDPOSITIVE>
<LEDGERFROMITEM>No</LEDGERFROMITEM>
<LEDGERNAME>SGST</LEDGERNAME>
<AMOUNT>270.0000000</AMOUNT>
</ALLLEDGERENTRIES.LIST>
<ALLLEDGERENTRIES.LIST>
<REMOVEZEROENTRIES>No</REMOVEZEROENTRIES>
<ISDEEMEDPOSITIVE>No</ISDEEMEDPOSITIVE>
<LEDGERFROMITEM>No</LEDGERFROMITEM>
<LEDGERNAME>Container Handling Services-Import-GST</LEDGERNAME>
<AMOUNT>17000.000</AMOUNT>
</ALLLEDGERENTRIES.LIST>
<ALLLEDGERENTRIES.LIST>
<REMOVEZEROENTRIES>No</REMOVEZEROENTRIES>
<ISDEEMEDPOSITIVE>No</ISDEEMEDPOSITIVE>
<LEDGERFROMITEM>No</LEDGERFROMITEM>
<LEDGERNAME>CGST</LEDGERNAME>
<AMOUNT>1530.0000000</AMOUNT>
</ALLLEDGERENTRIES.LIST>
<ALLLEDGERENTRIES.LIST>
<REMOVEZEROENTRIES>No</REMOVEZEROENTRIES>
<ISDEEMEDPOSITIVE>No</ISDEEMEDPOSITIVE>
<LEDGERFROMITEM>No</LEDGERFROMITEM>
<LEDGERNAME>SGST</LEDGERNAME>
<AMOUNT>1530.0000000</AMOUNT>
</ALLLEDGERENTRIES.LIST>
<ALLLEDGERENTRIES.LIST>
<REMOVEZEROENTRIES>No</REMOVEZEROENTRIES>
<ISDEEMEDPOSITIVE>No</ISDEEMEDPOSITIVE>
<LEDGERFROMITEM>No</LEDGERFROMITEM>
<LEDGERNAME>SHORT AND EXCESS</LEDGERNAME>
<AMOUNT>0.000</AMOUNT>
</ALLLEDGERENTRIES.LIST>
</VOUCHER>
<VOUCHER>
<ISOPTIONAL>No</ISOPTIONAL>
<USEFORGAINLOSS>No</USEFORGAINLOSS>
<USEFORCOMPOUND>No</USEFORCOMPOUND>
<VOUCHERTYPENAME>Sales-Import-CFSM</VOUCHERTYPENAME>
<DATE>20191105</DATE>
<EFFECTIVEDATE>20191105</EFFECTIVEDATE>
<ISCANCELLED>No</ISCANCELLED>
<USETRACKINGNUMBER>No</USETRACKINGNUMBER>
<ISPOSTDATED>No</ISPOSTDATED>
<ISINVOICE>No</ISINVOICE>
<DIFFACTUALQTY>No</DIFFACTUALQTY>
<VOUCHERNUMBER>ALSI009295/19-20</VOUCHERNUMBER>
<PARTYLEDGERNAME>JUSHI INDIA FIBERGLASS PVT. LTD.</PARTYLEDGERNAME>
<STATENAME>Maharashtra</STATENAME>
<NARRATION>Being amount debited towards IGM No: 2238194, BL NO: COAU7051191240, Importer: JUSHI INDIA FIBERGLASS PRIVATE, VOY NO: 132W, Vessel: XIN MEI ZHOU, LINER: COSCO SHIPPING LINES (INDIA) PRIVATE LIMITED and containers:  1 X 20, Invoice No: ALSI009295/19-20</NARRATION>
<PARTYGSTIN>27AAECJ1513A1Z9</PARTYGSTIN>
<ALLLEDGERENTRIES.LIST>
<REMOVEZEROENTRIES>No</REMOVEZEROENTRIES>
<ISDEEMEDPOSITIVE>Yes</ISDEEMEDPOSITIVE>
<LEDGERFROMITEM>No</LEDGERFROMITEM>
<LEDGERNAME>JUSHI INDIA FIBERGLASS PVT. LTD.</LEDGERNAME>
<AMOUNT>-28597.000</AMOUNT>
<BILLALLOCATIONS.LIST>
<NAME>ALSI009295/19-20</NAME>
<BILLTYPE>New Ref</BILLTYPE>
<AMOUNT>-28597.000</AMOUNT>
</BILLALLOCATIONS.LIST>
</ALLLEDGERENTRIES.LIST>
<ALLLEDGERENTRIES.LIST>
<REMOVEZEROENTRIES>No</REMOVEZEROENTRIES>
<ISDEEMEDPOSITIVE>No</ISDEEMEDPOSITIVE>
<LEDGERFROMITEM>No</LEDGERFROMITEM>
<LEDGERNAME>Container Handling Services-Import-GST</LEDGERNAME>
<AMOUNT>12865.000</AMOUNT>
</ALLLEDGERENTRIES.LIST>
<ALLLEDGERENTRIES.LIST>
<REMOVEZEROENTRIES>No</REMOVEZEROENTRIES>
<ISDEEMEDPOSITIVE>No</ISDEEMEDPOSITIVE>
<LEDGERFROMITEM>No</LEDGERFROMITEM>
<LEDGERNAME>CGST</LEDGERNAME>
<AMOUNT>1157.8500000</AMOUNT>
</ALLLEDGERENTRIES.LIST>
<ALLLEDGERENTRIES.LIST>
<REMOVEZEROENTRIES>No</REMOVEZEROENTRIES>
<ISDEEMEDPOSITIVE>No</ISDEEMEDPOSITIVE>
<LEDGERFROMITEM>No</LEDGERFROMITEM>
<LEDGERNAME>SGST</LEDGERNAME>
<AMOUNT>1157.8500000</AMOUNT>
</ALLLEDGERENTRIES.LIST>
<ALLLEDGERENTRIES.LIST>
<REMOVEZEROENTRIES>No</REMOVEZEROENTRIES>
<ISDEEMEDPOSITIVE>No</ISDEEMEDPOSITIVE>
<LEDGERFROMITEM>No</LEDGERFROMITEM>
<LEDGERNAME>Container Handling Services-Import-GST</LEDGERNAME>
<AMOUNT>1000.000</AMOUNT>
</ALLLEDGERENTRIES.LIST>
<ALLLEDGERENTRIES.LIST>
<REMOVEZEROENTRIES>No</REMOVEZEROENTRIES>
<ISDEEMEDPOSITIVE>No</ISDEEMEDPOSITIVE>
<LEDGERFROMITEM>No</LEDGERFROMITEM>
<LEDGERNAME>CGST</LEDGERNAME>
<AMOUNT>90.0000000</AMOUNT>
</ALLLEDGERENTRIES.LIST>
<ALLLEDGERENTRIES.LIST>
<REMOVEZEROENTRIES>No</REMOVEZEROENTRIES>
<ISDEEMEDPOSITIVE>No</ISDEEMEDPOSITIVE>
<LEDGERFROMITEM>No</LEDGERFROMITEM>
<LEDGERNAME>SGST</LEDGERNAME>
<AMOUNT>90.0000000</AMOUNT>
</ALLLEDGERENTRIES.LIST>
<ALLLEDGERENTRIES.LIST>
<REMOVEZEROENTRIES>No</REMOVEZEROENTRIES>
<ISDEEMEDPOSITIVE>No</ISDEEMEDPOSITIVE>
<LEDGERFROMITEM>No</LEDGERFROMITEM>
<LEDGERNAME>Other Storage and Warehousing Services-Import-GST</LEDGERNAME>
<AMOUNT>550.000</AMOUNT>
</ALLLEDGERENTRIES.LIST>
<ALLLEDGERENTRIES.LIST>
<REMOVEZEROENTRIES>No</REMOVEZEROENTRIES>
<ISDEEMEDPOSITIVE>No</ISDEEMEDPOSITIVE>
<LEDGERFROMITEM>No</LEDGERFROMITEM>
<LEDGERNAME>CGST</LEDGERNAME>
<AMOUNT>49.5000000</AMOUNT>
</ALLLEDGERENTRIES.LIST>
<ALLLEDGERENTRIES.LIST>
<REMOVEZEROENTRIES>No</REMOVEZEROENTRIES>
<ISDEEMEDPOSITIVE>No</ISDEEMEDPOSITIVE>
<LEDGERFROMITEM>No</LEDGERFROMITEM>
<LEDGERNAME>SGST</LEDGERNAME>
<AMOUNT>49.5000000</AMOUNT>
</ALLLEDGERENTRIES.LIST>
<ALLLEDGERENTRIES.LIST>
<REMOVEZEROENTRIES>No</REMOVEZEROENTRIES>
<ISDEEMEDPOSITIVE>No</ISDEEMEDPOSITIVE>
<LEDGERFROMITEM>No</LEDGERFROMITEM>
<LEDGERNAME>Container Handling Services-Import-GST</LEDGERNAME>
<AMOUNT>1200.000</AMOUNT>
</ALLLEDGERENTRIES.LIST>
<ALLLEDGERENTRIES.LIST>
<REMOVEZEROENTRIES>No</REMOVEZEROENTRIES>
<ISDEEMEDPOSITIVE>No</ISDEEMEDPOSITIVE>
<LEDGERFROMITEM>No</LEDGERFROMITEM>
<LEDGERNAME>CGST</LEDGERNAME>
<AMOUNT>108.0000000</AMOUNT>
</ALLLEDGERENTRIES.LIST>
<ALLLEDGERENTRIES.LIST>
<REMOVEZEROENTRIES>No</REMOVEZEROENTRIES>
<ISDEEMEDPOSITIVE>No</ISDEEMEDPOSITIVE>
<LEDGERFROMITEM>No</LEDGERFROMITEM>
<LEDGERNAME>SGST</LEDGERNAME>
<AMOUNT>108.0000000</AMOUNT>
</ALLLEDGERENTRIES.LIST>
<ALLLEDGERENTRIES.LIST>
<REMOVEZEROENTRIES>No</REMOVEZEROENTRIES>
<ISDEEMEDPOSITIVE>No</ISDEEMEDPOSITIVE>
<LEDGERFROMITEM>No</LEDGERFROMITEM>
<LEDGERNAME>Container Handling Services-Import-GST</LEDGERNAME>
<AMOUNT>50.000</AMOUNT>
</ALLLEDGERENTRIES.LIST>
<ALLLEDGERENTRIES.LIST>
<REMOVEZEROENTRIES>No</REMOVEZEROENTRIES>
<ISDEEMEDPOSITIVE>No</ISDEEMEDPOSITIVE>
<LEDGERFROMITEM>No</LEDGERFROMITEM>
<LEDGERNAME>CGST</LEDGERNAME>
<AMOUNT>4.5000000</AMOUNT>
</ALLLEDGERENTRIES.LIST>
<ALLLEDGERENTRIES.LIST>
<REMOVEZEROENTRIES>No</REMOVEZEROENTRIES>
<ISDEEMEDPOSITIVE>No</ISDEEMEDPOSITIVE>
<LEDGERFROMITEM>No</LEDGERFROMITEM>
<LEDGERNAME>SGST</LEDGERNAME>
<AMOUNT>4.5000000</AMOUNT>
</ALLLEDGERENTRIES.LIST>
<ALLLEDGERENTRIES.LIST>
<REMOVEZEROENTRIES>No</REMOVEZEROENTRIES>
<ISDEEMEDPOSITIVE>No</ISDEEMEDPOSITIVE>
<LEDGERFROMITEM>No</LEDGERFROMITEM>
<LEDGERNAME>Container Handling Services-Import-GST</LEDGERNAME>
<AMOUNT>30.000</AMOUNT>
</ALLLEDGERENTRIES.LIST>
<ALLLEDGERENTRIES.LIST>
<REMOVEZEROENTRIES>No</REMOVEZEROENTRIES>
<ISDEEMEDPOSITIVE>No</ISDEEMEDPOSITIVE>
<LEDGERFROMITEM>No</LEDGERFROMITEM>
<LEDGERNAME>CGST</LEDGERNAME>
<AMOUNT>2.7000000</AMOUNT>
</ALLLEDGERENTRIES.LIST>
<ALLLEDGERENTRIES.LIST>
<REMOVEZEROENTRIES>No</REMOVEZEROENTRIES>
<ISDEEMEDPOSITIVE>No</ISDEEMEDPOSITIVE>
<LEDGERFROMITEM>No</LEDGERFROMITEM>
<LEDGERNAME>SGST</LEDGERNAME>
<AMOUNT>2.7000000</AMOUNT>
</ALLLEDGERENTRIES.LIST>
<ALLLEDGERENTRIES.LIST>
<REMOVEZEROENTRIES>No</REMOVEZEROENTRIES>
<ISDEEMEDPOSITIVE>No</ISDEEMEDPOSITIVE>
<LEDGERFROMITEM>No</LEDGERFROMITEM>
<LEDGERNAME>Container Handling Services-Import-GST</LEDGERNAME>
<AMOUNT>400.000</AMOUNT>
</ALLLEDGERENTRIES.LIST>
<ALLLEDGERENTRIES.LIST>
<REMOVEZEROENTRIES>No</REMOVEZEROENTRIES>
<ISDEEMEDPOSITIVE>No</ISDEEMEDPOSITIVE>
<LEDGERFROMITEM>No</LEDGERFROMITEM>
<LEDGERNAME>CGST</LEDGERNAME>
<AMOUNT>36.0000000</AMOUNT>
</ALLLEDGERENTRIES.LIST>
<ALLLEDGERENTRIES.LIST>
<REMOVEZEROENTRIES>No</REMOVEZEROENTRIES>
<ISDEEMEDPOSITIVE>No</ISDEEMEDPOSITIVE>
<LEDGERFROMITEM>No</LEDGERFROMITEM>
<LEDGERNAME>SGST</LEDGERNAME>
<AMOUNT>36.0000000</AMOUNT>
</ALLLEDGERENTRIES.LIST>
<ALLLEDGERENTRIES.LIST>
<REMOVEZEROENTRIES>No</REMOVEZEROENTRIES>
<ISDEEMEDPOSITIVE>No</ISDEEMEDPOSITIVE>
<LEDGERFROMITEM>No</LEDGERFROMITEM>
<LEDGERNAME>Container Handling Services-Import-GST</LEDGERNAME>
<AMOUNT>1200.000</AMOUNT>
</ALLLEDGERENTRIES.LIST>
<ALLLEDGERENTRIES.LIST>
<REMOVEZEROENTRIES>No</REMOVEZEROENTRIES>
<ISDEEMEDPOSITIVE>No</ISDEEMEDPOSITIVE>
<LEDGERFROMITEM>No</LEDGERFROMITEM>
<LEDGERNAME>CGST</LEDGERNAME>
<AMOUNT>108.0000000</AMOUNT>
</ALLLEDGERENTRIES.LIST>
<ALLLEDGERENTRIES.LIST>
<REMOVEZEROENTRIES>No</REMOVEZEROENTRIES>
<ISDEEMEDPOSITIVE>No</ISDEEMEDPOSITIVE>
<LEDGERFROMITEM>No</LEDGERFROMITEM>
<LEDGERNAME>SGST</LEDGERNAME>
<AMOUNT>108.0000000</AMOUNT>
</ALLLEDGERENTRIES.LIST>
<ALLLEDGERENTRIES.LIST>
<REMOVEZEROENTRIES>No</REMOVEZEROENTRIES>
<ISDEEMEDPOSITIVE>No</ISDEEMEDPOSITIVE>
<LEDGERFROMITEM>No</LEDGERFROMITEM>
<LEDGERNAME>Container Handling Services-Import-GST</LEDGERNAME>
<AMOUNT>6340.000</AMOUNT>
</ALLLEDGERENTRIES.LIST>
<ALLLEDGERENTRIES.LIST>
<REMOVEZEROENTRIES>No</REMOVEZEROENTRIES>
<ISDEEMEDPOSITIVE>No</ISDEEMEDPOSITIVE>
<LEDGERFROMITEM>No</LEDGERFROMITEM>
<LEDGERNAME>CGST</LEDGERNAME>
<AMOUNT>570.6000000</AMOUNT>
</ALLLEDGERENTRIES.LIST>
<ALLLEDGERENTRIES.LIST>
<REMOVEZEROENTRIES>No</REMOVEZEROENTRIES>
<ISDEEMEDPOSITIVE>No</ISDEEMEDPOSITIVE>
<LEDGERFROMITEM>No</LEDGERFROMITEM>
<LEDGERNAME>SGST</LEDGERNAME>
<AMOUNT>570.6000000</AMOUNT>
</ALLLEDGERENTRIES.LIST>
<ALLLEDGERENTRIES.LIST>
<REMOVEZEROENTRIES>No</REMOVEZEROENTRIES>
<ISDEEMEDPOSITIVE>No</ISDEEMEDPOSITIVE>
<LEDGERFROMITEM>No</LEDGERFROMITEM>
<LEDGERNAME>Container Handling Services-Import-GST</LEDGERNAME>
<AMOUNT>600.000</AMOUNT>
</ALLLEDGERENTRIES.LIST>
<ALLLEDGERENTRIES.LIST>
<REMOVEZEROENTRIES>No</REMOVEZEROENTRIES>
<ISDEEMEDPOSITIVE>No</ISDEEMEDPOSITIVE>
<LEDGERFROMITEM>No</LEDGERFROMITEM>
<LEDGERNAME>CGST</LEDGERNAME>
<AMOUNT>54.0000000</AMOUNT>
</ALLLEDGERENTRIES.LIST>
<ALLLEDGERENTRIES.LIST>
<REMOVEZEROENTRIES>No</REMOVEZEROENTRIES>
<ISDEEMEDPOSITIVE>No</ISDEEMEDPOSITIVE>
<LEDGERFROMITEM>No</LEDGERFROMITEM>
<LEDGERNAME>SGST</LEDGERNAME>
<AMOUNT>54.0000000</AMOUNT>
</ALLLEDGERENTRIES.LIST>
<ALLLEDGERENTRIES.LIST>
<REMOVEZEROENTRIES>No</REMOVEZEROENTRIES>
<ISDEEMEDPOSITIVE>No</ISDEEMEDPOSITIVE>
<LEDGERFROMITEM>No</LEDGERFROMITEM>
<LEDGERNAME>SHORT AND EXCESS</LEDGERNAME>
<AMOUNT>-0.300</AMOUNT>
</ALLLEDGERENTRIES.LIST>
</VOUCHER>
<VOUCHER>
<ISOPTIONAL>No</ISOPTIONAL>
<USEFORGAINLOSS>No</USEFORGAINLOSS>
<USEFORCOMPOUND>No</USEFORCOMPOUND>
<VOUCHERTYPENAME>Sales-Import-CFSM</VOUCHERTYPENAME>
<DATE>20191105</DATE>
<EFFECTIVEDATE>20191105</EFFECTIVEDATE>
<ISCANCELLED>No</ISCANCELLED>
<USETRACKINGNUMBER>No</USETRACKINGNUMBER>
<ISPOSTDATED>No</ISPOSTDATED>
<ISINVOICE>No</ISINVOICE>
<DIFFACTUALQTY>No</DIFFACTUALQTY>
<VOUCHERNUMBER>ALSI009296/19-20</VOUCHERNUMBER>
<PARTYLEDGERNAME>KERRY INDEV LOGISTICS PRIVATE LIMITED</PARTYLEDGERNAME>
<STATENAME>Maharashtra</STATENAME>
<NARRATION>Being amount debited towards IGM No: 2237570, BL NO: COSU4522011080, Importer: TZMO INDIA WEST PRIVATE LIMITED, VOY NO: 939W, Vessel: MAERSK SALALAH, LINER: Cosco(OffdocTHC) Shipping Line and containers:  1 X 40, Invoice No: ALSI009296/19-20</NARRATION>
<PARTYGSTIN>27AABCC1756D1Z0</PARTYGSTIN>
<ALLLEDGERENTRIES.LIST>
<REMOVEZEROENTRIES>No</REMOVEZEROENTRIES>
<ISDEEMEDPOSITIVE>Yes</ISDEEMEDPOSITIVE>
<LEDGERFROMITEM>No</LEDGERFROMITEM>
<LEDGERNAME>KERRY INDEV LOGISTICS PRIVATE LIMITED</LEDGERNAME>
<AMOUNT>-39837.000</AMOUNT>
<BILLALLOCATIONS.LIST>
<NAME>ALSI009296/19-20</NAME>
<BILLTYPE>New Ref</BILLTYPE>
<AMOUNT>-39837.000</AMOUNT>
</BILLALLOCATIONS.LIST>
</ALLLEDGERENTRIES.LIST>
<ALLLEDGERENTRIES.LIST>
<REMOVEZEROENTRIES>No</REMOVEZEROENTRIES>
<ISDEEMEDPOSITIVE>No</ISDEEMEDPOSITIVE>
<LEDGERFROMITEM>No</LEDGERFROMITEM>
<LEDGERNAME>Container Handling Services-Import-GST</LEDGERNAME>
<AMOUNT>8380.000</AMOUNT>
</ALLLEDGERENTRIES.LIST>
<ALLLEDGERENTRIES.LIST>
<REMOVEZEROENTRIES>No</REMOVEZEROENTRIES>
<ISDEEMEDPOSITIVE>No</ISDEEMEDPOSITIVE>
<LEDGERFROMITEM>No</LEDGERFROMITEM>
<LEDGERNAME>CGST</LEDGERNAME>
<AMOUNT>754.2000000</AMOUNT>
</ALLLEDGERENTRIES.LIST>
<ALLLEDGERENTRIES.LIST>
<REMOVEZEROENTRIES>No</REMOVEZEROENTRIES>
<ISDEEMEDPOSITIVE>No</ISDEEMEDPOSITIVE>
<LEDGERFROMITEM>No</LEDGERFROMITEM>
<LEDGERNAME>SGST</LEDGERNAME>
<AMOUNT>754.2000000</AMOUNT>
</ALLLEDGERENTRIES.LIST>
<ALLLEDGERENTRIES.LIST>
<REMOVEZEROENTRIES>No</REMOVEZEROENTRIES>
<ISDEEMEDPOSITIVE>No</ISDEEMEDPOSITIVE>
<LEDGERFROMITEM>No</LEDGERFROMITEM>
<LEDGERNAME>Other Storage and Warehousing Services-Import-GST</LEDGERNAME>
<AMOUNT>13900.000</AMOUNT>
</ALLLEDGERENTRIES.LIST>
<ALLLEDGERENTRIES.LIST>
<REMOVEZEROENTRIES>No</REMOVEZEROENTRIES>
<ISDEEMEDPOSITIVE>No</ISDEEMEDPOSITIVE>
<LEDGERFROMITEM>No</LEDGERFROMITEM>
<LEDGERNAME>CGST</LEDGERNAME>
<AMOUNT>1251.0000000</AMOUNT>
</ALLLEDGERENTRIES.LIST>
<ALLLEDGERENTRIES.LIST>
<REMOVEZEROENTRIES>No</REMOVEZEROENTRIES>
<ISDEEMEDPOSITIVE>No</ISDEEMEDPOSITIVE>
<LEDGERFROMITEM>No</LEDGERFROMITEM>
<LEDGERNAME>SGST</LEDGERNAME>
<AMOUNT>1251.0000000</AMOUNT>
</ALLLEDGERENTRIES.LIST>
<ALLLEDGERENTRIES.LIST>
<REMOVEZEROENTRIES>No</REMOVEZEROENTRIES>
<ISDEEMEDPOSITIVE>No</ISDEEMEDPOSITIVE>
<LEDGERFROMITEM>No</LEDGERFROMITEM>
<LEDGERNAME>Container Handling Services-Import-GST</LEDGERNAME>
<AMOUNT>2400.000</AMOUNT>
</ALLLEDGERENTRIES.LIST>
<ALLLEDGERENTRIES.LIST>
<REMOVEZEROENTRIES>No</REMOVEZEROENTRIES>
<ISDEEMEDPOSITIVE>No</ISDEEMEDPOSITIVE>
<LEDGERFROMITEM>No</LEDGERFROMITEM>
<LEDGERNAME>CGST</LEDGERNAME>
<AMOUNT>216.0000000</AMOUNT>
</ALLLEDGERENTRIES.LIST>
<ALLLEDGERENTRIES.LIST>
<REMOVEZEROENTRIES>No</REMOVEZEROENTRIES>
<ISDEEMEDPOSITIVE>No</ISDEEMEDPOSITIVE>
<LEDGERFROMITEM>No</LEDGERFROMITEM>
<LEDGERNAME>SGST</LEDGERNAME>
<AMOUNT>216.0000000</AMOUNT>
</ALLLEDGERENTRIES.LIST>
<ALLLEDGERENTRIES.LIST>
<REMOVEZEROENTRIES>No</REMOVEZEROENTRIES>
<ISDEEMEDPOSITIVE>No</ISDEEMEDPOSITIVE>
<LEDGERFROMITEM>No</LEDGERFROMITEM>
<LEDGERNAME>Container Handling Services-Import-GST</LEDGERNAME>
<AMOUNT>50.000</AMOUNT>
</ALLLEDGERENTRIES.LIST>
<ALLLEDGERENTRIES.LIST>
<REMOVEZEROENTRIES>No</REMOVEZEROENTRIES>
<ISDEEMEDPOSITIVE>No</ISDEEMEDPOSITIVE>
<LEDGERFROMITEM>No</LEDGERFROMITEM>
<LEDGERNAME>SGST</LEDGERNAME>
<AMOUNT>4.5000000</AMOUNT>
</ALLLEDGERENTRIES.LIST>
<ALLLEDGERENTRIES.LIST>
<REMOVEZEROENTRIES>No</REMOVEZEROENTRIES>
<ISDEEMEDPOSITIVE>No</ISDEEMEDPOSITIVE>
<LEDGERFROMITEM>No</LEDGERFROMITEM>
<LEDGERNAME>CGST</LEDGERNAME>
<AMOUNT>4.5000000</AMOUNT>
</ALLLEDGERENTRIES.LIST>
<ALLLEDGERENTRIES.LIST>
<REMOVEZEROENTRIES>No</REMOVEZEROENTRIES>
<ISDEEMEDPOSITIVE>No</ISDEEMEDPOSITIVE>
<LEDGERFROMITEM>No</LEDGERFROMITEM>
<LEDGERNAME>Container Handling Services-Import-GST</LEDGERNAME>
<AMOUNT>5000.000</AMOUNT>
</ALLLEDGERENTRIES.LIST>
<ALLLEDGERENTRIES.LIST>
<REMOVEZEROENTRIES>No</REMOVEZEROENTRIES>
<ISDEEMEDPOSITIVE>No</ISDEEMEDPOSITIVE>
<LEDGERFROMITEM>No</LEDGERFROMITEM>
<LEDGERNAME>CGST</LEDGERNAME>
<AMOUNT>450.0000000</AMOUNT>
</ALLLEDGERENTRIES.LIST>
<ALLLEDGERENTRIES.LIST>
<REMOVEZEROENTRIES>No</REMOVEZEROENTRIES>
<ISDEEMEDPOSITIVE>No</ISDEEMEDPOSITIVE>
<LEDGERFROMITEM>No</LEDGERFROMITEM>
<LEDGERNAME>SGST</LEDGERNAME>
<AMOUNT>450.0000000</AMOUNT>
</ALLLEDGERENTRIES.LIST>
<ALLLEDGERENTRIES.LIST>
<REMOVEZEROENTRIES>No</REMOVEZEROENTRIES>
<ISDEEMEDPOSITIVE>No</ISDEEMEDPOSITIVE>
<LEDGERFROMITEM>No</LEDGERFROMITEM>
<LEDGERNAME>Container Handling Services-Import-GST</LEDGERNAME>
<AMOUNT>30.000</AMOUNT>
</ALLLEDGERENTRIES.LIST>
<ALLLEDGERENTRIES.LIST>
<REMOVEZEROENTRIES>No</REMOVEZEROENTRIES>
<ISDEEMEDPOSITIVE>No</ISDEEMEDPOSITIVE>
<LEDGERFROMITEM>No</LEDGERFROMITEM>
<LEDGERNAME>CGST</LEDGERNAME>
<AMOUNT>2.7000000</AMOUNT>
</ALLLEDGERENTRIES.LIST>
<ALLLEDGERENTRIES.LIST>
<REMOVEZEROENTRIES>No</REMOVEZEROENTRIES>
<ISDEEMEDPOSITIVE>No</ISDEEMEDPOSITIVE>
<LEDGERFROMITEM>No</LEDGERFROMITEM>
<LEDGERNAME>SGST</LEDGERNAME>
<AMOUNT>2.7000000</AMOUNT>
</ALLLEDGERENTRIES.LIST>
<ALLLEDGERENTRIES.LIST>
<REMOVEZEROENTRIES>No</REMOVEZEROENTRIES>
<ISDEEMEDPOSITIVE>No</ISDEEMEDPOSITIVE>
<LEDGERFROMITEM>No</LEDGERFROMITEM>
<LEDGERNAME>Container Handling Services-Import-GST</LEDGERNAME>
<AMOUNT>400.000</AMOUNT>
</ALLLEDGERENTRIES.LIST>
<ALLLEDGERENTRIES.LIST>
<REMOVEZEROENTRIES>No</REMOVEZEROENTRIES>
<ISDEEMEDPOSITIVE>No</ISDEEMEDPOSITIVE>
<LEDGERFROMITEM>No</LEDGERFROMITEM>
<LEDGERNAME>CGST</LEDGERNAME>
<AMOUNT>36.0000000</AMOUNT>
</ALLLEDGERENTRIES.LIST>
<ALLLEDGERENTRIES.LIST>
<REMOVEZEROENTRIES>No</REMOVEZEROENTRIES>
<ISDEEMEDPOSITIVE>No</ISDEEMEDPOSITIVE>
<LEDGERFROMITEM>No</LEDGERFROMITEM>
<LEDGERNAME>SGST</LEDGERNAME>
<AMOUNT>36.0000000</AMOUNT>
</ALLLEDGERENTRIES.LIST>
<ALLLEDGERENTRIES.LIST>
<REMOVEZEROENTRIES>No</REMOVEZEROENTRIES>
<ISDEEMEDPOSITIVE>No</ISDEEMEDPOSITIVE>
<LEDGERFROMITEM>No</LEDGERFROMITEM>
<LEDGERNAME>Container Handling Services-Import-GST</LEDGERNAME>
<AMOUNT>2400.000</AMOUNT>
</ALLLEDGERENTRIES.LIST>
<ALLLEDGERENTRIES.LIST>
<REMOVEZEROENTRIES>No</REMOVEZEROENTRIES>
<ISDEEMEDPOSITIVE>No</ISDEEMEDPOSITIVE>
<LEDGERFROMITEM>No</LEDGERFROMITEM>
<LEDGERNAME>SGST</LEDGERNAME>
<AMOUNT>216.0000000</AMOUNT>
</ALLLEDGERENTRIES.LIST>
<ALLLEDGERENTRIES.LIST>
<REMOVEZEROENTRIES>No</REMOVEZEROENTRIES>
<ISDEEMEDPOSITIVE>No</ISDEEMEDPOSITIVE>
<LEDGERFROMITEM>No</LEDGERFROMITEM>
<LEDGERNAME>CGST</LEDGERNAME>
<AMOUNT>216.0000000</AMOUNT>
</ALLLEDGERENTRIES.LIST>
<ALLLEDGERENTRIES.LIST>
<REMOVEZEROENTRIES>No</REMOVEZEROENTRIES>
<ISDEEMEDPOSITIVE>No</ISDEEMEDPOSITIVE>
<LEDGERFROMITEM>No</LEDGERFROMITEM>
<LEDGERNAME>Container Handling Services-Import-GST</LEDGERNAME>
<AMOUNT>1200.000</AMOUNT>
</ALLLEDGERENTRIES.LIST>
<ALLLEDGERENTRIES.LIST>
<REMOVEZEROENTRIES>No</REMOVEZEROENTRIES>
<ISDEEMEDPOSITIVE>No</ISDEEMEDPOSITIVE>
<LEDGERFROMITEM>No</LEDGERFROMITEM>
<LEDGERNAME>CGST</LEDGERNAME>
<AMOUNT>108.0000000</AMOUNT>
</ALLLEDGERENTRIES.LIST>
<ALLLEDGERENTRIES.LIST>
<REMOVEZEROENTRIES>No</REMOVEZEROENTRIES>
<ISDEEMEDPOSITIVE>No</ISDEEMEDPOSITIVE>
<LEDGERFROMITEM>No</LEDGERFROMITEM>
<LEDGERNAME>SGST</LEDGERNAME>
<AMOUNT>108.0000000</AMOUNT>
</ALLLEDGERENTRIES.LIST>
<ALLLEDGERENTRIES.LIST>
<REMOVEZEROENTRIES>No</REMOVEZEROENTRIES>
<ISDEEMEDPOSITIVE>No</ISDEEMEDPOSITIVE>
<LEDGERFROMITEM>No</LEDGERFROMITEM>
<LEDGERNAME>SHORT AND EXCESS</LEDGERNAME>
<AMOUNT>0.200</AMOUNT>
</ALLLEDGERENTRIES.LIST>
</VOUCHER>
<VOUCHER>
<ISOPTIONAL>No</ISOPTIONAL>
<USEFORGAINLOSS>No</USEFORGAINLOSS>
<USEFORCOMPOUND>No</USEFORCOMPOUND>
<VOUCHERTYPENAME>Sales-Import-CFSM</VOUCHERTYPENAME>
<DATE>20191105</DATE>
<EFFECTIVEDATE>20191105</EFFECTIVEDATE>
<ISCANCELLED>No</ISCANCELLED>
<USETRACKINGNUMBER>No</USETRACKINGNUMBER>
<ISPOSTDATED>No</ISPOSTDATED>
<ISINVOICE>No</ISINVOICE>
<DIFFACTUALQTY>No</DIFFACTUALQTY>
<VOUCHERNUMBER>ALSI009297/19-20</VOUCHERNUMBER>
<PARTYLEDGERNAME>SHETH AND COMPANY</PARTYLEDGERNAME>
<STATENAME>Dadra and Nagar Haveli</STATENAME>
<NARRATION>Being amount debited towards IGM No: 2237567, BL NO: PGSM20304032001, Importer: SHETH AND COMPANY, VOY NO: 112, Vessel: XIN BEIJING, LINER: Cosco(OffdocTHC) Shipping Line and containers:  1 X 40, Invoice No: ALSI009297/19-20</NARRATION>
<PARTYGSTIN>26AAKFS3344K1ZW</PARTYGSTIN>
<ALLLEDGERENTRIES.LIST>
<REMOVEZEROENTRIES>No</REMOVEZEROENTRIES>
<ISDEEMEDPOSITIVE>Yes</ISDEEMEDPOSITIVE>
<LEDGERFROMITEM>No</LEDGERFROMITEM>
<LEDGERNAME>SHETH AND COMPANY</LEDGERNAME>
<AMOUNT>-32167.000</AMOUNT>
<BILLALLOCATIONS.LIST>
<NAME>ALSI009297/19-20</NAME>
<BILLTYPE>New Ref</BILLTYPE>
<AMOUNT>-32167.000</AMOUNT>
</BILLALLOCATIONS.LIST>
</ALLLEDGERENTRIES.LIST>
<ALLLEDGERENTRIES.LIST>
<REMOVEZEROENTRIES>No</REMOVEZEROENTRIES>
<ISDEEMEDPOSITIVE>No</ISDEEMEDPOSITIVE>
<LEDGERFROMITEM>No</LEDGERFROMITEM>
<LEDGERNAME>Container Handling Services-Import-GST</LEDGERNAME>
<AMOUNT>8380.000</AMOUNT>
</ALLLEDGERENTRIES.LIST>
<ALLLEDGERENTRIES.LIST>
<REMOVEZEROENTRIES>No</REMOVEZEROENTRIES>
<ISDEEMEDPOSITIVE>No</ISDEEMEDPOSITIVE>
<LEDGERFROMITEM>No</LEDGERFROMITEM>
<LEDGERNAME>IGST</LEDGERNAME>
<AMOUNT>1508.4000000</AMOUNT>
</ALLLEDGERENTRIES.LIST>
<ALLLEDGERENTRIES.LIST>
<REMOVEZEROENTRIES>No</REMOVEZEROENTRIES>
<ISDEEMEDPOSITIVE>No</ISDEEMEDPOSITIVE>
<LEDGERFROMITEM>No</LEDGERFROMITEM>
<LEDGERNAME>Container Handling Services-Import-GST</LEDGERNAME>
<AMOUNT>2000.000</AMOUNT>
</ALLLEDGERENTRIES.LIST>
<ALLLEDGERENTRIES.LIST>
<REMOVEZEROENTRIES>No</REMOVEZEROENTRIES>
<ISDEEMEDPOSITIVE>No</ISDEEMEDPOSITIVE>
<LEDGERFROMITEM>No</LEDGERFROMITEM>
<LEDGERNAME>IGST</LEDGERNAME>
<AMOUNT>360.0000000</AMOUNT>
</ALLLEDGERENTRIES.LIST>
<ALLLEDGERENTRIES.LIST>
<REMOVEZEROENTRIES>No</REMOVEZEROENTRIES>
<ISDEEMEDPOSITIVE>No</ISDEEMEDPOSITIVE>
<LEDGERFROMITEM>No</LEDGERFROMITEM>
<LEDGERNAME>Other Storage and Warehousing Services-Import-GST</LEDGERNAME>
<AMOUNT>10400.000</AMOUNT>
</ALLLEDGERENTRIES.LIST>
<ALLLEDGERENTRIES.LIST>
<REMOVEZEROENTRIES>No</REMOVEZEROENTRIES>
<ISDEEMEDPOSITIVE>No</ISDEEMEDPOSITIVE>
<LEDGERFROMITEM>No</LEDGERFROMITEM>
<LEDGERNAME>IGST</LEDGERNAME>
<AMOUNT>1872.0000000</AMOUNT>
</ALLLEDGERENTRIES.LIST>
<ALLLEDGERENTRIES.LIST>
<REMOVEZEROENTRIES>No</REMOVEZEROENTRIES>
<ISDEEMEDPOSITIVE>No</ISDEEMEDPOSITIVE>
<LEDGERFROMITEM>No</LEDGERFROMITEM>
<LEDGERNAME>Container Handling Services-Import-GST</LEDGERNAME>
<AMOUNT>2400.000</AMOUNT>
</ALLLEDGERENTRIES.LIST>
<ALLLEDGERENTRIES.LIST>
<REMOVEZEROENTRIES>No</REMOVEZEROENTRIES>
<ISDEEMEDPOSITIVE>No</ISDEEMEDPOSITIVE>
<LEDGERFROMITEM>No</LEDGERFROMITEM>
<LEDGERNAME>IGST</LEDGERNAME>
<AMOUNT>432.0000000</AMOUNT>
</ALLLEDGERENTRIES.LIST>
<ALLLEDGERENTRIES.LIST>
<REMOVEZEROENTRIES>No</REMOVEZEROENTRIES>
<ISDEEMEDPOSITIVE>No</ISDEEMEDPOSITIVE>
<LEDGERFROMITEM>No</LEDGERFROMITEM>
<LEDGERNAME>Container Handling Services-Import-GST</LEDGERNAME>
<AMOUNT>50.000</AMOUNT>
</ALLLEDGERENTRIES.LIST>
<ALLLEDGERENTRIES.LIST>
<REMOVEZEROENTRIES>No</REMOVEZEROENTRIES>
<ISDEEMEDPOSITIVE>No</ISDEEMEDPOSITIVE>
<LEDGERFROMITEM>No</LEDGERFROMITEM>
<LEDGERNAME>IGST</LEDGERNAME>
<AMOUNT>9.0000000</AMOUNT>
</ALLLEDGERENTRIES.LIST>
<ALLLEDGERENTRIES.LIST>
<REMOVEZEROENTRIES>No</REMOVEZEROENTRIES>
<ISDEEMEDPOSITIVE>No</ISDEEMEDPOSITIVE>
<LEDGERFROMITEM>No</LEDGERFROMITEM>
<LEDGERNAME>Container Handling Services-Import-GST</LEDGERNAME>
<AMOUNT>30.000</AMOUNT>
</ALLLEDGERENTRIES.LIST>
<ALLLEDGERENTRIES.LIST>
<REMOVEZEROENTRIES>No</REMOVEZEROENTRIES>
<ISDEEMEDPOSITIVE>No</ISDEEMEDPOSITIVE>
<LEDGERFROMITEM>No</LEDGERFROMITEM>
<LEDGERNAME>IGST</LEDGERNAME>
<AMOUNT>5.4000000</AMOUNT>
</ALLLEDGERENTRIES.LIST>
<ALLLEDGERENTRIES.LIST>
<REMOVEZEROENTRIES>No</REMOVEZEROENTRIES>
<ISDEEMEDPOSITIVE>No</ISDEEMEDPOSITIVE>
<LEDGERFROMITEM>No</LEDGERFROMITEM>
<LEDGERNAME>Container Handling Services-Import-GST</LEDGERNAME>
<AMOUNT>400.000</AMOUNT>
</ALLLEDGERENTRIES.LIST>
<ALLLEDGERENTRIES.LIST>
<REMOVEZEROENTRIES>No</REMOVEZEROENTRIES>
<ISDEEMEDPOSITIVE>No</ISDEEMEDPOSITIVE>
<LEDGERFROMITEM>No</LEDGERFROMITEM>
<LEDGERNAME>IGST</LEDGERNAME>
<AMOUNT>72.0000000</AMOUNT>
</ALLLEDGERENTRIES.LIST>
<ALLLEDGERENTRIES.LIST>
<REMOVEZEROENTRIES>No</REMOVEZEROENTRIES>
<ISDEEMEDPOSITIVE>No</ISDEEMEDPOSITIVE>
<LEDGERFROMITEM>No</LEDGERFROMITEM>
<LEDGERNAME>Container Handling Services-Import-GST</LEDGERNAME>
<AMOUNT>2400.000</AMOUNT>
</ALLLEDGERENTRIES.LIST>
<ALLLEDGERENTRIES.LIST>
<REMOVEZEROENTRIES>No</REMOVEZEROENTRIES>
<ISDEEMEDPOSITIVE>No</ISDEEMEDPOSITIVE>
<LEDGERFROMITEM>No</LEDGERFROMITEM>
<LEDGERNAME>IGST</LEDGERNAME>
<AMOUNT>432.0000000</AMOUNT>
</ALLLEDGERENTRIES.LIST>
<ALLLEDGERENTRIES.LIST>
<REMOVEZEROENTRIES>No</REMOVEZEROENTRIES>
<ISDEEMEDPOSITIVE>No</ISDEEMEDPOSITIVE>
<LEDGERFROMITEM>No</LEDGERFROMITEM>
<LEDGERNAME>Container Handling Services-Import-GST</LEDGERNAME>
<AMOUNT>1200.000</AMOUNT>
</ALLLEDGERENTRIES.LIST>
<ALLLEDGERENTRIES.LIST>
<REMOVEZEROENTRIES>No</REMOVEZEROENTRIES>
<ISDEEMEDPOSITIVE>No</ISDEEMEDPOSITIVE>
<LEDGERFROMITEM>No</LEDGERFROMITEM>
<LEDGERNAME>IGST</LEDGERNAME>
<AMOUNT>216.0000000</AMOUNT>
</ALLLEDGERENTRIES.LIST>
<ALLLEDGERENTRIES.LIST>
<REMOVEZEROENTRIES>No</REMOVEZEROENTRIES>
<ISDEEMEDPOSITIVE>No</ISDEEMEDPOSITIVE>
<LEDGERFROMITEM>No</LEDGERFROMITEM>
<LEDGERNAME>SHORT AND EXCESS</LEDGERNAME>
<AMOUNT>0.200</AMOUNT>
</ALLLEDGERENTRIES.LIST>
</VOUCHER>
<VOUCHER>
<ISOPTIONAL>No</ISOPTIONAL>
<USEFORGAINLOSS>No</USEFORGAINLOSS>
<USEFORCOMPOUND>No</USEFORCOMPOUND>
<VOUCHERTYPENAME>Sales-Import-CFSM</VOUCHERTYPENAME>
<DATE>20191105</DATE>
<EFFECTIVEDATE>20191105</EFFECTIVEDATE>
<ISCANCELLED>No</ISCANCELLED>
<USETRACKINGNUMBER>No</USETRACKINGNUMBER>
<ISPOSTDATED>No</ISPOSTDATED>
<ISINVOICE>No</ISINVOICE>
<DIFFACTUALQTY>No</DIFFACTUALQTY>
<VOUCHERNUMBER>ALSI009298/19-20</VOUCHERNUMBER>
<PARTYLEDGERNAME>LILADHAR PASOO FORWARDERS PVT LTD</PARTYLEDGERNAME>
<STATENAME>Maharashtra</STATENAME>
<NARRATION>Being amount debited towards IGM No: 2237567, BL NO: SINA73677, Importer: SHRENIK LTD, VOY NO: 112, Vessel: XIN BEIJING, LINER: PIL MUMBAI PRIVATE LIMITED and containers:  2 X 40, Invoice No: ALSI009298/19-20</NARRATION>
<PARTYGSTIN>27AAACL1837H1ZM</PARTYGSTIN>
<ALLLEDGERENTRIES.LIST>
<REMOVEZEROENTRIES>No</REMOVEZEROENTRIES>
<ISDEEMEDPOSITIVE>Yes</ISDEEMEDPOSITIVE>
<LEDGERFROMITEM>No</LEDGERFROMITEM>
<LEDGERNAME>LILADHAR PASOO FORWARDERS PVT LTD</LEDGERNAME>
<AMOUNT>-95958.000</AMOUNT>
<BILLALLOCATIONS.LIST>
<NAME>ALSI009298/19-20</NAME>
<BILLTYPE>New Ref</BILLTYPE>
<AMOUNT>-95958.000</AMOUNT>
</BILLALLOCATIONS.LIST>
</ALLLEDGERENTRIES.LIST>
<ALLLEDGERENTRIES.LIST>
<REMOVEZEROENTRIES>No</REMOVEZEROENTRIES>
<ISDEEMEDPOSITIVE>No</ISDEEMEDPOSITIVE>
<LEDGERFROMITEM>No</LEDGERFROMITEM>
<LEDGERNAME>Container Handling Services-Import-GST</LEDGERNAME>
<AMOUNT>45960.000</AMOUNT>
</ALLLEDGERENTRIES.LIST>
<ALLLEDGERENTRIES.LIST>
<REMOVEZEROENTRIES>No</REMOVEZEROENTRIES>
<ISDEEMEDPOSITIVE>No</ISDEEMEDPOSITIVE>
<LEDGERFROMITEM>No</LEDGERFROMITEM>
<LEDGERNAME>SGST</LEDGERNAME>
<AMOUNT>4136.4000000</AMOUNT>
</ALLLEDGERENTRIES.LIST>
<ALLLEDGERENTRIES.LIST>
<REMOVEZEROENTRIES>No</REMOVEZEROENTRIES>
<ISDEEMEDPOSITIVE>No</ISDEEMEDPOSITIVE>
<LEDGERFROMITEM>No</LEDGERFROMITEM>
<LEDGERNAME>CGST</LEDGERNAME>
<AMOUNT>4136.4000000</AMOUNT>
</ALLLEDGERENTRIES.LIST>
<ALLLEDGERENTRIES.LIST>
<REMOVEZEROENTRIES>No</REMOVEZEROENTRIES>
<ISDEEMEDPOSITIVE>No</ISDEEMEDPOSITIVE>
<LEDGERFROMITEM>No</LEDGERFROMITEM>
<LEDGERNAME>Container Handling Services-Import-GST</LEDGERNAME>
<AMOUNT>2000.000</AMOUNT>
</ALLLEDGERENTRIES.LIST>
<ALLLEDGERENTRIES.LIST>
<REMOVEZEROENTRIES>No</REMOVEZEROENTRIES>
<ISDEEMEDPOSITIVE>No</ISDEEMEDPOSITIVE>
<LEDGERFROMITEM>No</LEDGERFROMITEM>
<LEDGERNAME>CGST</LEDGERNAME>
<AMOUNT>180.0000000</AMOUNT>
</ALLLEDGERENTRIES.LIST>
<ALLLEDGERENTRIES.LIST>
<REMOVEZEROENTRIES>No</REMOVEZEROENTRIES>
<ISDEEMEDPOSITIVE>No</ISDEEMEDPOSITIVE>
<LEDGERFROMITEM>No</LEDGERFROMITEM>
<LEDGERNAME>SGST</LEDGERNAME>
<AMOUNT>180.0000000</AMOUNT>
</ALLLEDGERENTRIES.LIST>
<ALLLEDGERENTRIES.LIST>
<REMOVEZEROENTRIES>No</REMOVEZEROENTRIES>
<ISDEEMEDPOSITIVE>No</ISDEEMEDPOSITIVE>
<LEDGERFROMITEM>No</LEDGERFROMITEM>
<LEDGERNAME>Other Storage and Warehousing Services-Import-GST</LEDGERNAME>
<AMOUNT>20800.000</AMOUNT>
</ALLLEDGERENTRIES.LIST>
<ALLLEDGERENTRIES.LIST>
<REMOVEZEROENTRIES>No</REMOVEZEROENTRIES>
<ISDEEMEDPOSITIVE>No</ISDEEMEDPOSITIVE>
<LEDGERFROMITEM>No</LEDGERFROMITEM>
<LEDGERNAME>SGST</LEDGERNAME>
<AMOUNT>1872.0000000</AMOUNT>
</ALLLEDGERENTRIES.LIST>
<ALLLEDGERENTRIES.LIST>
<REMOVEZEROENTRIES>No</REMOVEZEROENTRIES>
<ISDEEMEDPOSITIVE>No</ISDEEMEDPOSITIVE>
<LEDGERFROMITEM>No</LEDGERFROMITEM>
<LEDGERNAME>CGST</LEDGERNAME>
<AMOUNT>1872.0000000</AMOUNT>
</ALLLEDGERENTRIES.LIST>
<ALLLEDGERENTRIES.LIST>
<REMOVEZEROENTRIES>No</REMOVEZEROENTRIES>
<ISDEEMEDPOSITIVE>No</ISDEEMEDPOSITIVE>
<LEDGERFROMITEM>No</LEDGERFROMITEM>
<LEDGERNAME>Container Handling Services-Import-GST</LEDGERNAME>
<AMOUNT>4800.000</AMOUNT>
</ALLLEDGERENTRIES.LIST>
<ALLLEDGERENTRIES.LIST>
<REMOVEZEROENTRIES>No</REMOVEZEROENTRIES>
<ISDEEMEDPOSITIVE>No</ISDEEMEDPOSITIVE>
<LEDGERFROMITEM>No</LEDGERFROMITEM>
<LEDGERNAME>SGST</LEDGERNAME>
<AMOUNT>432.0000000</AMOUNT>
</ALLLEDGERENTRIES.LIST>
<ALLLEDGERENTRIES.LIST>
<REMOVEZEROENTRIES>No</REMOVEZEROENTRIES>
<ISDEEMEDPOSITIVE>No</ISDEEMEDPOSITIVE>
<LEDGERFROMITEM>No</LEDGERFROMITEM>
<LEDGERNAME>CGST</LEDGERNAME>
<AMOUNT>432.0000000</AMOUNT>
</ALLLEDGERENTRIES.LIST>
<ALLLEDGERENTRIES.LIST>
<REMOVEZEROENTRIES>No</REMOVEZEROENTRIES>
<ISDEEMEDPOSITIVE>No</ISDEEMEDPOSITIVE>
<LEDGERFROMITEM>No</LEDGERFROMITEM>
<LEDGERNAME>Container Handling Services-Import-GST</LEDGERNAME>
<AMOUNT>100.000</AMOUNT>
</ALLLEDGERENTRIES.LIST>
<ALLLEDGERENTRIES.LIST>
<REMOVEZEROENTRIES>No</REMOVEZEROENTRIES>
<ISDEEMEDPOSITIVE>No</ISDEEMEDPOSITIVE>
<LEDGERFROMITEM>No</LEDGERFROMITEM>
<LEDGERNAME>SGST</LEDGERNAME>
<AMOUNT>9.0000000</AMOUNT>
</ALLLEDGERENTRIES.LIST>
<ALLLEDGERENTRIES.LIST>
<REMOVEZEROENTRIES>No</REMOVEZEROENTRIES>
<ISDEEMEDPOSITIVE>No</ISDEEMEDPOSITIVE>
<LEDGERFROMITEM>No</LEDGERFROMITEM>
<LEDGERNAME>CGST</LEDGERNAME>
<AMOUNT>9.0000000</AMOUNT>
</ALLLEDGERENTRIES.LIST>
<ALLLEDGERENTRIES.LIST>
<REMOVEZEROENTRIES>No</REMOVEZEROENTRIES>
<ISDEEMEDPOSITIVE>No</ISDEEMEDPOSITIVE>
<LEDGERFROMITEM>No</LEDGERFROMITEM>
<LEDGERNAME>Container Handling Services-Import-GST</LEDGERNAME>
<AMOUNT>60.000</AMOUNT>
</ALLLEDGERENTRIES.LIST>
<ALLLEDGERENTRIES.LIST>
<REMOVEZEROENTRIES>No</REMOVEZEROENTRIES>
<ISDEEMEDPOSITIVE>No</ISDEEMEDPOSITIVE>
<LEDGERFROMITEM>No</LEDGERFROMITEM>
<LEDGERNAME>CGST</LEDGERNAME>
<AMOUNT>5.4000000</AMOUNT>
</ALLLEDGERENTRIES.LIST>
<ALLLEDGERENTRIES.LIST>
<REMOVEZEROENTRIES>No</REMOVEZEROENTRIES>
<ISDEEMEDPOSITIVE>No</ISDEEMEDPOSITIVE>
<LEDGERFROMITEM>No</LEDGERFROMITEM>
<LEDGERNAME>SGST</LEDGERNAME>
<AMOUNT>5.4000000</AMOUNT>
</ALLLEDGERENTRIES.LIST>
<ALLLEDGERENTRIES.LIST>
<REMOVEZEROENTRIES>No</REMOVEZEROENTRIES>
<ISDEEMEDPOSITIVE>No</ISDEEMEDPOSITIVE>
<LEDGERFROMITEM>No</LEDGERFROMITEM>
<LEDGERNAME>Container Handling Services-Import-GST</LEDGERNAME>
<AMOUNT>400.000</AMOUNT>
</ALLLEDGERENTRIES.LIST>
<ALLLEDGERENTRIES.LIST>
<REMOVEZEROENTRIES>No</REMOVEZEROENTRIES>
<ISDEEMEDPOSITIVE>No</ISDEEMEDPOSITIVE>
<LEDGERFROMITEM>No</LEDGERFROMITEM>
<LEDGERNAME>CGST</LEDGERNAME>
<AMOUNT>36.0000000</AMOUNT>
</ALLLEDGERENTRIES.LIST>
<ALLLEDGERENTRIES.LIST>
<REMOVEZEROENTRIES>No</REMOVEZEROENTRIES>
<ISDEEMEDPOSITIVE>No</ISDEEMEDPOSITIVE>
<LEDGERFROMITEM>No</LEDGERFROMITEM>
<LEDGERNAME>SGST</LEDGERNAME>
<AMOUNT>36.0000000</AMOUNT>
</ALLLEDGERENTRIES.LIST>
<ALLLEDGERENTRIES.LIST>
<REMOVEZEROENTRIES>No</REMOVEZEROENTRIES>
<ISDEEMEDPOSITIVE>No</ISDEEMEDPOSITIVE>
<LEDGERFROMITEM>No</LEDGERFROMITEM>
<LEDGERNAME>Container Handling Services-Import-GST</LEDGERNAME>
<AMOUNT>4800.000</AMOUNT>
</ALLLEDGERENTRIES.LIST>
<ALLLEDGERENTRIES.LIST>
<REMOVEZEROENTRIES>No</REMOVEZEROENTRIES>
<ISDEEMEDPOSITIVE>No</ISDEEMEDPOSITIVE>
<LEDGERFROMITEM>No</LEDGERFROMITEM>
<LEDGERNAME>CGST</LEDGERNAME>
<AMOUNT>432.0000000</AMOUNT>
</ALLLEDGERENTRIES.LIST>
<ALLLEDGERENTRIES.LIST>
<REMOVEZEROENTRIES>No</REMOVEZEROENTRIES>
<ISDEEMEDPOSITIVE>No</ISDEEMEDPOSITIVE>
<LEDGERFROMITEM>No</LEDGERFROMITEM>
<LEDGERNAME>SGST</LEDGERNAME>
<AMOUNT>432.0000000</AMOUNT>
</ALLLEDGERENTRIES.LIST>
<ALLLEDGERENTRIES.LIST>
<REMOVEZEROENTRIES>No</REMOVEZEROENTRIES>
<ISDEEMEDPOSITIVE>No</ISDEEMEDPOSITIVE>
<LEDGERFROMITEM>No</LEDGERFROMITEM>
<LEDGERNAME>Container Handling Services-Import-GST</LEDGERNAME>
<AMOUNT>2400.000</AMOUNT>
</ALLLEDGERENTRIES.LIST>
<ALLLEDGERENTRIES.LIST>
<REMOVEZEROENTRIES>No</REMOVEZEROENTRIES>
<ISDEEMEDPOSITIVE>No</ISDEEMEDPOSITIVE>
<LEDGERFROMITEM>No</LEDGERFROMITEM>
<LEDGERNAME>CGST</LEDGERNAME>
<AMOUNT>216.0000000</AMOUNT>
</ALLLEDGERENTRIES.LIST>
<ALLLEDGERENTRIES.LIST>
<REMOVEZEROENTRIES>No</REMOVEZEROENTRIES>
<ISDEEMEDPOSITIVE>No</ISDEEMEDPOSITIVE>
<LEDGERFROMITEM>No</LEDGERFROMITEM>
<LEDGERNAME>SGST</LEDGERNAME>
<AMOUNT>216.0000000</AMOUNT>
</ALLLEDGERENTRIES.LIST>
<ALLLEDGERENTRIES.LIST>
<REMOVEZEROENTRIES>No</REMOVEZEROENTRIES>
<ISDEEMEDPOSITIVE>No</ISDEEMEDPOSITIVE>
<LEDGERFROMITEM>No</LEDGERFROMITEM>
<LEDGERNAME>SHORT AND EXCESS</LEDGERNAME>
<AMOUNT>0.400</AMOUNT>
</ALLLEDGERENTRIES.LIST>
</VOUCHER>
<VOUCHER>
<ISOPTIONAL>No</ISOPTIONAL>
<USEFORGAINLOSS>No</USEFORGAINLOSS>
<USEFORCOMPOUND>No</USEFORCOMPOUND>
<VOUCHERTYPENAME>Sales-Import-CFSM</VOUCHERTYPENAME>
<DATE>20191105</DATE>
<EFFECTIVEDATE>20191105</EFFECTIVEDATE>
<ISCANCELLED>No</ISCANCELLED>
<USETRACKINGNUMBER>No</USETRACKINGNUMBER>
<ISPOSTDATED>No</ISPOSTDATED>
<ISINVOICE>No</ISINVOICE>
<DIFFACTUALQTY>No</DIFFACTUALQTY>
<VOUCHERNUMBER>ALSI009299/19-20</VOUCHERNUMBER>
<PARTYLEDGERNAME>HINDCHEM CORPORATION</PARTYLEDGERNAME>
<STATENAME>Maharashtra</STATENAME>
<NARRATION>Being amount debited towards IGM No: 2237570, BL NO: OOLU2627932290, Importer: HINDCHEM CORPORATION, VOY NO: 939W, Vessel: MAERSK SALALAH, LINER: OOCLOFFDOCTHC-OOCL Line and containers:  2 X 40, Invoice No: ALSI009299/19-20</NARRATION>
<PARTYGSTIN>27AETPD6011K1ZD</PARTYGSTIN>
<ALLLEDGERENTRIES.LIST>
<REMOVEZEROENTRIES>No</REMOVEZEROENTRIES>
<ISDEEMEDPOSITIVE>Yes</ISDEEMEDPOSITIVE>
<LEDGERFROMITEM>No</LEDGERFROMITEM>
<LEDGERNAME>HINDCHEM CORPORATION</LEDGERNAME>
<AMOUNT>-57820.000</AMOUNT>
<BILLALLOCATIONS.LIST>
<NAME>ALSI009299/19-20</NAME>
<BILLTYPE>New Ref</BILLTYPE>
<AMOUNT>-57820.000</AMOUNT>
</BILLALLOCATIONS.LIST>
</ALLLEDGERENTRIES.LIST>
<ALLLEDGERENTRIES.LIST>
<REMOVEZEROENTRIES>No</REMOVEZEROENTRIES>
<ISDEEMEDPOSITIVE>No</ISDEEMEDPOSITIVE>
<LEDGERFROMITEM>No</LEDGERFROMITEM>
<LEDGERNAME>Container Handling Services-Import-GST</LEDGERNAME>
<AMOUNT>18000.000</AMOUNT>
</ALLLEDGERENTRIES.LIST>
<ALLLEDGERENTRIES.LIST>
<REMOVEZEROENTRIES>No</REMOVEZEROENTRIES>
<ISDEEMEDPOSITIVE>No</ISDEEMEDPOSITIVE>
<LEDGERFROMITEM>No</LEDGERFROMITEM>
<LEDGERNAME>CGST</LEDGERNAME>
<AMOUNT>1620.0000000</AMOUNT>
</ALLLEDGERENTRIES.LIST>
<ALLLEDGERENTRIES.LIST>
<REMOVEZEROENTRIES>No</REMOVEZEROENTRIES>
<ISDEEMEDPOSITIVE>No</ISDEEMEDPOSITIVE>
<LEDGERFROMITEM>No</LEDGERFROMITEM>
<LEDGERNAME>SGST</LEDGERNAME>
<AMOUNT>1620.0000000</AMOUNT>
</ALLLEDGERENTRIES.LIST>
<ALLLEDGERENTRIES.LIST>
<REMOVEZEROENTRIES>No</REMOVEZEROENTRIES>
<ISDEEMEDPOSITIVE>No</ISDEEMEDPOSITIVE>
<LEDGERFROMITEM>No</LEDGERFROMITEM>
<LEDGERNAME>Container Handling Services-Import-GST</LEDGERNAME>
<AMOUNT>2000.000</AMOUNT>
</ALLLEDGERENTRIES.LIST>
<ALLLEDGERENTRIES.LIST>
<REMOVEZEROENTRIES>No</REMOVEZEROENTRIES>
<ISDEEMEDPOSITIVE>No</ISDEEMEDPOSITIVE>
<LEDGERFROMITEM>No</LEDGERFROMITEM>
<LEDGERNAME>CGST</LEDGERNAME>
<AMOUNT>180.0000000</AMOUNT>
</ALLLEDGERENTRIES.LIST>
<ALLLEDGERENTRIES.LIST>
<REMOVEZEROENTRIES>No</REMOVEZEROENTRIES>
<ISDEEMEDPOSITIVE>No</ISDEEMEDPOSITIVE>
<LEDGERFROMITEM>No</LEDGERFROMITEM>
<LEDGERNAME>SGST</LEDGERNAME>
<AMOUNT>180.0000000</AMOUNT>
</ALLLEDGERENTRIES.LIST>
<ALLLEDGERENTRIES.LIST>
<REMOVEZEROENTRIES>No</REMOVEZEROENTRIES>
<ISDEEMEDPOSITIVE>No</ISDEEMEDPOSITIVE>
<LEDGERFROMITEM>No</LEDGERFROMITEM>
<LEDGERNAME>Other Storage and Warehousing Services-Import-GST</LEDGERNAME>
<AMOUNT>14000.000</AMOUNT>
</ALLLEDGERENTRIES.LIST>
<ALLLEDGERENTRIES.LIST>
<REMOVEZEROENTRIES>No</REMOVEZEROENTRIES>
<ISDEEMEDPOSITIVE>No</ISDEEMEDPOSITIVE>
<LEDGERFROMITEM>No</LEDGERFROMITEM>
<LEDGERNAME>CGST</LEDGERNAME>
<AMOUNT>1260.0000000</AMOUNT>
</ALLLEDGERENTRIES.LIST>
<ALLLEDGERENTRIES.LIST>
<REMOVEZEROENTRIES>No</REMOVEZEROENTRIES>
<ISDEEMEDPOSITIVE>No</ISDEEMEDPOSITIVE>
<LEDGERFROMITEM>No</LEDGERFROMITEM>
<LEDGERNAME>SGST</LEDGERNAME>
<AMOUNT>1260.0000000</AMOUNT>
</ALLLEDGERENTRIES.LIST>
<ALLLEDGERENTRIES.LIST>
<REMOVEZEROENTRIES>No</REMOVEZEROENTRIES>
<ISDEEMEDPOSITIVE>No</ISDEEMEDPOSITIVE>
<LEDGERFROMITEM>No</LEDGERFROMITEM>
<LEDGERNAME>Container Handling Services-Import-GST</LEDGERNAME>
<AMOUNT>15000.000</AMOUNT>
</ALLLEDGERENTRIES.LIST>
<ALLLEDGERENTRIES.LIST>
<REMOVEZEROENTRIES>No</REMOVEZEROENTRIES>
<ISDEEMEDPOSITIVE>No</ISDEEMEDPOSITIVE>
<LEDGERFROMITEM>No</LEDGERFROMITEM>
<LEDGERNAME>CGST</LEDGERNAME>
<AMOUNT>1350.0000000</AMOUNT>
</ALLLEDGERENTRIES.LIST>
<ALLLEDGERENTRIES.LIST>
<REMOVEZEROENTRIES>No</REMOVEZEROENTRIES>
<ISDEEMEDPOSITIVE>No</ISDEEMEDPOSITIVE>
<LEDGERFROMITEM>No</LEDGERFROMITEM>
<LEDGERNAME>SGST</LEDGERNAME>
<AMOUNT>1350.0000000</AMOUNT>
</ALLLEDGERENTRIES.LIST>
<ALLLEDGERENTRIES.LIST>
<REMOVEZEROENTRIES>No</REMOVEZEROENTRIES>
<ISDEEMEDPOSITIVE>No</ISDEEMEDPOSITIVE>
<LEDGERFROMITEM>No</LEDGERFROMITEM>
<LEDGERNAME>SHORT AND EXCESS</LEDGERNAME>
<AMOUNT>0.000</AMOUNT>
</ALLLEDGERENTRIES.LIST>
</VOUCHER>
<VOUCHER>
<ISOPTIONAL>No</ISOPTIONAL>
<USEFORGAINLOSS>No</USEFORGAINLOSS>
<USEFORCOMPOUND>No</USEFORCOMPOUND>
<VOUCHERTYPENAME>Sales-Import-CFSM</VOUCHERTYPENAME>
<DATE>20191105</DATE>
<EFFECTIVEDATE>20191105</EFFECTIVEDATE>
<ISCANCELLED>No</ISCANCELLED>
<USETRACKINGNUMBER>No</USETRACKINGNUMBER>
<ISPOSTDATED>No</ISPOSTDATED>
<ISINVOICE>No</ISINVOICE>
<DIFFACTUALQTY>No</DIFFACTUALQTY>
<VOUCHERNUMBER>ALSI009300/19-20</VOUCHERNUMBER>
<PARTYLEDGERNAME>Z S ENTERPRISES</PARTYLEDGERNAME>
<STATENAME>Maharashtra</STATENAME>
<NARRATION>Being amount debited towards IGM No: 2237794, BL NO: 0319547218, Importer: Z.S. ENTERPRISES, VOY NO: 049, Vessel: WAN HAI 517, LINER: WAN HAI LINE and containers:  1 X 40, Invoice No: ALSI009300/19-20</NARRATION>
<PARTYGSTIN>27BVAPS1480A1ZV</PARTYGSTIN>
<ALLLEDGERENTRIES.LIST>
<REMOVEZEROENTRIES>No</REMOVEZEROENTRIES>
<ISDEEMEDPOSITIVE>Yes</ISDEEMEDPOSITIVE>
<LEDGERFROMITEM>No</LEDGERFROMITEM>
<LEDGERNAME>Z S ENTERPRISES</LEDGERNAME>
<AMOUNT>-19470.000</AMOUNT>
<BILLALLOCATIONS.LIST>
<NAME>ALSI009300/19-20</NAME>
<BILLTYPE>New Ref</BILLTYPE>
<AMOUNT>-19470.000</AMOUNT>
</BILLALLOCATIONS.LIST>
</ALLLEDGERENTRIES.LIST>
<ALLLEDGERENTRIES.LIST>
<REMOVEZEROENTRIES>No</REMOVEZEROENTRIES>
<ISDEEMEDPOSITIVE>No</ISDEEMEDPOSITIVE>
<LEDGERFROMITEM>No</LEDGERFROMITEM>
<LEDGERNAME>Container Handling Services-Import-GST</LEDGERNAME>
<AMOUNT>11500.000</AMOUNT>
</ALLLEDGERENTRIES.LIST>
<ALLLEDGERENTRIES.LIST>
<REMOVEZEROENTRIES>No</REMOVEZEROENTRIES>
<ISDEEMEDPOSITIVE>No</ISDEEMEDPOSITIVE>
<LEDGERFROMITEM>No</LEDGERFROMITEM>
<LEDGERNAME>CGST</LEDGERNAME>
<AMOUNT>1035.0000000</AMOUNT>
</ALLLEDGERENTRIES.LIST>
<ALLLEDGERENTRIES.LIST>
<REMOVEZEROENTRIES>No</REMOVEZEROENTRIES>
<ISDEEMEDPOSITIVE>No</ISDEEMEDPOSITIVE>
<LEDGERFROMITEM>No</LEDGERFROMITEM>
<LEDGERNAME>SGST</LEDGERNAME>
<AMOUNT>1035.0000000</AMOUNT>
</ALLLEDGERENTRIES.LIST>
<ALLLEDGERENTRIES.LIST>
<REMOVEZEROENTRIES>No</REMOVEZEROENTRIES>
<ISDEEMEDPOSITIVE>No</ISDEEMEDPOSITIVE>
<LEDGERFROMITEM>No</LEDGERFROMITEM>
<LEDGERNAME>Container Handling Services-Import-GST</LEDGERNAME>
<AMOUNT>5000.000</AMOUNT>
</ALLLEDGERENTRIES.LIST>
<ALLLEDGERENTRIES.LIST>
<REMOVEZEROENTRIES>No</REMOVEZEROENTRIES>
<ISDEEMEDPOSITIVE>No</ISDEEMEDPOSITIVE>
<LEDGERFROMITEM>No</LEDGERFROMITEM>
<LEDGERNAME>CGST</LEDGERNAME>
<AMOUNT>450.0000000</AMOUNT>
</ALLLEDGERENTRIES.LIST>
<ALLLEDGERENTRIES.LIST>
<REMOVEZEROENTRIES>No</REMOVEZEROENTRIES>
<ISDEEMEDPOSITIVE>No</ISDEEMEDPOSITIVE>
<LEDGERFROMITEM>No</LEDGERFROMITEM>
<LEDGERNAME>SGST</LEDGERNAME>
<AMOUNT>450.0000000</AMOUNT>
</ALLLEDGERENTRIES.LIST>
<ALLLEDGERENTRIES.LIST>
<REMOVEZEROENTRIES>No</REMOVEZEROENTRIES>
<ISDEEMEDPOSITIVE>No</ISDEEMEDPOSITIVE>
<LEDGERFROMITEM>No</LEDGERFROMITEM>
<LEDGERNAME>SHORT AND EXCESS</LEDGERNAME>
<AMOUNT>0.000</AMOUNT>
</ALLLEDGERENTRIES.LIST>
</VOUCHER>
<VOUCHER>
<ISOPTIONAL>No</ISOPTIONAL>
<USEFORGAINLOSS>No</USEFORGAINLOSS>
<USEFORCOMPOUND>No</USEFORCOMPOUND>
<VOUCHERTYPENAME>Sales-Import-CFSM</VOUCHERTYPENAME>
<DATE>20191105</DATE>
<EFFECTIVEDATE>20191105</EFFECTIVEDATE>
<ISCANCELLED>No</ISCANCELLED>
<USETRACKINGNUMBER>No</USETRACKINGNUMBER>
<ISPOSTDATED>No</ISPOSTDATED>
<ISINVOICE>No</ISINVOICE>
<DIFFACTUALQTY>No</DIFFACTUALQTY>
<VOUCHERNUMBER>ALSI009301/19-20</VOUCHERNUMBER>
<PARTYLEDGERNAME>M S Q INTERNATIONAL</PARTYLEDGERNAME>
<STATENAME>Maharashtra</STATENAME>
<NARRATION>Being amount debited towards IGM No: 2237794, BL NO: 0319547737, Importer: M S Q INTERNATIONAL, VOY NO: 049, Vessel: WAN HAI 517, LINER: WAN HAI LINES LIMITED and containers:  1 X 40, Invoice No: ALSI009301/19-20</NARRATION>
<PARTYGSTIN>27AANPQ9848H1ZU</PARTYGSTIN>
<ALLLEDGERENTRIES.LIST>
<REMOVEZEROENTRIES>No</REMOVEZEROENTRIES>
<ISDEEMEDPOSITIVE>Yes</ISDEEMEDPOSITIVE>
<LEDGERFROMITEM>No</LEDGERFROMITEM>
<LEDGERNAME>M S Q INTERNATIONAL</LEDGERNAME>
<AMOUNT>-21830.000</AMOUNT>
<BILLALLOCATIONS.LIST>
<NAME>ALSI009301/19-20</NAME>
<BILLTYPE>New Ref</BILLTYPE>
<AMOUNT>-21830.000</AMOUNT>
</BILLALLOCATIONS.LIST>
</ALLLEDGERENTRIES.LIST>
<ALLLEDGERENTRIES.LIST>
<REMOVEZEROENTRIES>No</REMOVEZEROENTRIES>
<ISDEEMEDPOSITIVE>No</ISDEEMEDPOSITIVE>
<LEDGERFROMITEM>No</LEDGERFROMITEM>
<LEDGERNAME>Container Handling Services-Import-GST</LEDGERNAME>
<AMOUNT>11500.000</AMOUNT>
</ALLLEDGERENTRIES.LIST>
<ALLLEDGERENTRIES.LIST>
<REMOVEZEROENTRIES>No</REMOVEZEROENTRIES>
<ISDEEMEDPOSITIVE>No</ISDEEMEDPOSITIVE>
<LEDGERFROMITEM>No</LEDGERFROMITEM>
<LEDGERNAME>CGST</LEDGERNAME>
<AMOUNT>1035.0000000</AMOUNT>
</ALLLEDGERENTRIES.LIST>
<ALLLEDGERENTRIES.LIST>
<REMOVEZEROENTRIES>No</REMOVEZEROENTRIES>
<ISDEEMEDPOSITIVE>No</ISDEEMEDPOSITIVE>
<LEDGERFROMITEM>No</LEDGERFROMITEM>
<LEDGERNAME>SGST</LEDGERNAME>
<AMOUNT>1035.0000000</AMOUNT>
</ALLLEDGERENTRIES.LIST>
<ALLLEDGERENTRIES.LIST>
<REMOVEZEROENTRIES>No</REMOVEZEROENTRIES>
<ISDEEMEDPOSITIVE>No</ISDEEMEDPOSITIVE>
<LEDGERFROMITEM>No</LEDGERFROMITEM>
<LEDGERNAME>Container Handling Services-Import-GST</LEDGERNAME>
<AMOUNT>2000.000</AMOUNT>
</ALLLEDGERENTRIES.LIST>
<ALLLEDGERENTRIES.LIST>
<REMOVEZEROENTRIES>No</REMOVEZEROENTRIES>
<ISDEEMEDPOSITIVE>No</ISDEEMEDPOSITIVE>
<LEDGERFROMITEM>No</LEDGERFROMITEM>
<LEDGERNAME>CGST</LEDGERNAME>
<AMOUNT>180.0000000</AMOUNT>
</ALLLEDGERENTRIES.LIST>
<ALLLEDGERENTRIES.LIST>
<REMOVEZEROENTRIES>No</REMOVEZEROENTRIES>
<ISDEEMEDPOSITIVE>No</ISDEEMEDPOSITIVE>
<LEDGERFROMITEM>No</LEDGERFROMITEM>
<LEDGERNAME>SGST</LEDGERNAME>
<AMOUNT>180.0000000</AMOUNT>
</ALLLEDGERENTRIES.LIST>
<ALLLEDGERENTRIES.LIST>
<REMOVEZEROENTRIES>No</REMOVEZEROENTRIES>
<ISDEEMEDPOSITIVE>No</ISDEEMEDPOSITIVE>
<LEDGERFROMITEM>No</LEDGERFROMITEM>
<LEDGERNAME>Container Handling Services-Import-GST</LEDGERNAME>
<AMOUNT>5000.000</AMOUNT>
</ALLLEDGERENTRIES.LIST>
<ALLLEDGERENTRIES.LIST>
<REMOVEZEROENTRIES>No</REMOVEZEROENTRIES>
<ISDEEMEDPOSITIVE>No</ISDEEMEDPOSITIVE>
<LEDGERFROMITEM>No</LEDGERFROMITEM>
<LEDGERNAME>SGST</LEDGERNAME>
<AMOUNT>450.0000000</AMOUNT>
</ALLLEDGERENTRIES.LIST>
<ALLLEDGERENTRIES.LIST>
<REMOVEZEROENTRIES>No</REMOVEZEROENTRIES>
<ISDEEMEDPOSITIVE>No</ISDEEMEDPOSITIVE>
<LEDGERFROMITEM>No</LEDGERFROMITEM>
<LEDGERNAME>CGST</LEDGERNAME>
<AMOUNT>450.0000000</AMOUNT>
</ALLLEDGERENTRIES.LIST>
<ALLLEDGERENTRIES.LIST>
<REMOVEZEROENTRIES>No</REMOVEZEROENTRIES>
<ISDEEMEDPOSITIVE>No</ISDEEMEDPOSITIVE>
<LEDGERFROMITEM>No</LEDGERFROMITEM>
<LEDGERNAME>SHORT AND EXCESS</LEDGERNAME>
<AMOUNT>0.000</AMOUNT>
</ALLLEDGERENTRIES.LIST>
</VOUCHER>
<VOUCHER>
<ISOPTIONAL>No</ISOPTIONAL>
<USEFORGAINLOSS>No</USEFORGAINLOSS>
<USEFORCOMPOUND>No</USEFORCOMPOUND>
<VOUCHERTYPENAME>Sales-Import-CFSM</VOUCHERTYPENAME>
<DATE>20191105</DATE>
<EFFECTIVEDATE>20191105</EFFECTIVEDATE>
<ISCANCELLED>No</ISCANCELLED>
<USETRACKINGNUMBER>No</USETRACKINGNUMBER>
<ISPOSTDATED>No</ISPOSTDATED>
<ISINVOICE>No</ISINVOICE>
<DIFFACTUALQTY>No</DIFFACTUALQTY>
<VOUCHERNUMBER>ALSI009302/19-20</VOUCHERNUMBER>
<PARTYLEDGERNAME>AMINOX INTERNATIONAL</PARTYLEDGERNAME>
<STATENAME>Maharashtra</STATENAME>
<NARRATION>Being amount debited towards IGM No: 2236804, BL NO: 0409A08337, Importer: AMINOX INTERNATIONAL, VOY NO: 195, Vessel: WAN HAI 501, LINER: WAN HAI LINE and containers:  1 X 20, Invoice No: ALSI009302/19-20</NARRATION>
<PARTYGSTIN>27AFWPJ6205M1ZU</PARTYGSTIN>
<ALLLEDGERENTRIES.LIST>
<REMOVEZEROENTRIES>No</REMOVEZEROENTRIES>
<ISDEEMEDPOSITIVE>Yes</ISDEEMEDPOSITIVE>
<LEDGERFROMITEM>No</LEDGERFROMITEM>
<LEDGERNAME>AMINOX INTERNATIONAL</LEDGERNAME>
<AMOUNT>-39937.000</AMOUNT>
<BILLALLOCATIONS.LIST>
<NAME>ALSI009302/19-20</NAME>
<BILLTYPE>New Ref</BILLTYPE>
<AMOUNT>-39937.000</AMOUNT>
</BILLALLOCATIONS.LIST>
</ALLLEDGERENTRIES.LIST>
<ALLLEDGERENTRIES.LIST>
<REMOVEZEROENTRIES>No</REMOVEZEROENTRIES>
<ISDEEMEDPOSITIVE>No</ISDEEMEDPOSITIVE>
<LEDGERFROMITEM>No</LEDGERFROMITEM>
<LEDGERNAME>Container Handling Services-Import-GST</LEDGERNAME>
<AMOUNT>9415.000</AMOUNT>
</ALLLEDGERENTRIES.LIST>
<ALLLEDGERENTRIES.LIST>
<REMOVEZEROENTRIES>No</REMOVEZEROENTRIES>
<ISDEEMEDPOSITIVE>No</ISDEEMEDPOSITIVE>
<LEDGERFROMITEM>No</LEDGERFROMITEM>
<LEDGERNAME>CGST</LEDGERNAME>
<AMOUNT>847.3500000</AMOUNT>
</ALLLEDGERENTRIES.LIST>
<ALLLEDGERENTRIES.LIST>
<REMOVEZEROENTRIES>No</REMOVEZEROENTRIES>
<ISDEEMEDPOSITIVE>No</ISDEEMEDPOSITIVE>
<LEDGERFROMITEM>No</LEDGERFROMITEM>
<LEDGERNAME>SGST</LEDGERNAME>
<AMOUNT>847.3500000</AMOUNT>
</ALLLEDGERENTRIES.LIST>
<ALLLEDGERENTRIES.LIST>
<REMOVEZEROENTRIES>No</REMOVEZEROENTRIES>
<ISDEEMEDPOSITIVE>No</ISDEEMEDPOSITIVE>
<LEDGERFROMITEM>No</LEDGERFROMITEM>
<LEDGERNAME>Container Handling Services-Import-GST</LEDGERNAME>
<AMOUNT>1000.000</AMOUNT>
</ALLLEDGERENTRIES.LIST>
<ALLLEDGERENTRIES.LIST>
<REMOVEZEROENTRIES>No</REMOVEZEROENTRIES>
<ISDEEMEDPOSITIVE>No</ISDEEMEDPOSITIVE>
<LEDGERFROMITEM>No</LEDGERFROMITEM>
<LEDGERNAME>SGST</LEDGERNAME>
<AMOUNT>90.0000000</AMOUNT>
</ALLLEDGERENTRIES.LIST>
<ALLLEDGERENTRIES.LIST>
<REMOVEZEROENTRIES>No</REMOVEZEROENTRIES>
<ISDEEMEDPOSITIVE>No</ISDEEMEDPOSITIVE>
<LEDGERFROMITEM>No</LEDGERFROMITEM>
<LEDGERNAME>CGST</LEDGERNAME>
<AMOUNT>90.0000000</AMOUNT>
</ALLLEDGERENTRIES.LIST>
<ALLLEDGERENTRIES.LIST>
<REMOVEZEROENTRIES>No</REMOVEZEROENTRIES>
<ISDEEMEDPOSITIVE>No</ISDEEMEDPOSITIVE>
<LEDGERFROMITEM>No</LEDGERFROMITEM>
<LEDGERNAME>Other Storage and Warehousing Services-Import-GST</LEDGERNAME>
<AMOUNT>15450.000</AMOUNT>
</ALLLEDGERENTRIES.LIST>
<ALLLEDGERENTRIES.LIST>
<REMOVEZEROENTRIES>No</REMOVEZEROENTRIES>
<ISDEEMEDPOSITIVE>No</ISDEEMEDPOSITIVE>
<LEDGERFROMITEM>No</LEDGERFROMITEM>
<LEDGERNAME>SGST</LEDGERNAME>
<AMOUNT>1390.5000000</AMOUNT>
</ALLLEDGERENTRIES.LIST>
<ALLLEDGERENTRIES.LIST>
<REMOVEZEROENTRIES>No</REMOVEZEROENTRIES>
<ISDEEMEDPOSITIVE>No</ISDEEMEDPOSITIVE>
<LEDGERFROMITEM>No</LEDGERFROMITEM>
<LEDGERNAME>CGST</LEDGERNAME>
<AMOUNT>1390.5000000</AMOUNT>
</ALLLEDGERENTRIES.LIST>
<ALLLEDGERENTRIES.LIST>
<REMOVEZEROENTRIES>No</REMOVEZEROENTRIES>
<ISDEEMEDPOSITIVE>No</ISDEEMEDPOSITIVE>
<LEDGERFROMITEM>No</LEDGERFROMITEM>
<LEDGERNAME>Container Handling Services-Import-GST</LEDGERNAME>
<AMOUNT>1200.000</AMOUNT>
</ALLLEDGERENTRIES.LIST>
<ALLLEDGERENTRIES.LIST>
<REMOVEZEROENTRIES>No</REMOVEZEROENTRIES>
<ISDEEMEDPOSITIVE>No</ISDEEMEDPOSITIVE>
<LEDGERFROMITEM>No</LEDGERFROMITEM>
<LEDGERNAME>CGST</LEDGERNAME>
<AMOUNT>108.0000000</AMOUNT>
</ALLLEDGERENTRIES.LIST>
<ALLLEDGERENTRIES.LIST>
<REMOVEZEROENTRIES>No</REMOVEZEROENTRIES>
<ISDEEMEDPOSITIVE>No</ISDEEMEDPOSITIVE>
<LEDGERFROMITEM>No</LEDGERFROMITEM>
<LEDGERNAME>SGST</LEDGERNAME>
<AMOUNT>108.0000000</AMOUNT>
</ALLLEDGERENTRIES.LIST>
<ALLLEDGERENTRIES.LIST>
<REMOVEZEROENTRIES>No</REMOVEZEROENTRIES>
<ISDEEMEDPOSITIVE>No</ISDEEMEDPOSITIVE>
<LEDGERFROMITEM>No</LEDGERFROMITEM>
<LEDGERNAME>Container Handling Services-Import-GST</LEDGERNAME>
<AMOUNT>50.000</AMOUNT>
</ALLLEDGERENTRIES.LIST>
<ALLLEDGERENTRIES.LIST>
<REMOVEZEROENTRIES>No</REMOVEZEROENTRIES>
<ISDEEMEDPOSITIVE>No</ISDEEMEDPOSITIVE>
<LEDGERFROMITEM>No</LEDGERFROMITEM>
<LEDGERNAME>CGST</LEDGERNAME>
<AMOUNT>4.5000000</AMOUNT>
</ALLLEDGERENTRIES.LIST>
<ALLLEDGERENTRIES.LIST>
<REMOVEZEROENTRIES>No</REMOVEZEROENTRIES>
<ISDEEMEDPOSITIVE>No</ISDEEMEDPOSITIVE>
<LEDGERFROMITEM>No</LEDGERFROMITEM>
<LEDGERNAME>SGST</LEDGERNAME>
<AMOUNT>4.5000000</AMOUNT>
</ALLLEDGERENTRIES.LIST>
<ALLLEDGERENTRIES.LIST>
<REMOVEZEROENTRIES>No</REMOVEZEROENTRIES>
<ISDEEMEDPOSITIVE>No</ISDEEMEDPOSITIVE>
<LEDGERFROMITEM>No</LEDGERFROMITEM>
<LEDGERNAME>Container Handling Services-Import-GST</LEDGERNAME>
<AMOUNT>30.000</AMOUNT>
</ALLLEDGERENTRIES.LIST>
<ALLLEDGERENTRIES.LIST>
<REMOVEZEROENTRIES>No</REMOVEZEROENTRIES>
<ISDEEMEDPOSITIVE>No</ISDEEMEDPOSITIVE>
<LEDGERFROMITEM>No</LEDGERFROMITEM>
<LEDGERNAME>SGST</LEDGERNAME>
<AMOUNT>2.7000000</AMOUNT>
</ALLLEDGERENTRIES.LIST>
<ALLLEDGERENTRIES.LIST>
<REMOVEZEROENTRIES>No</REMOVEZEROENTRIES>
<ISDEEMEDPOSITIVE>No</ISDEEMEDPOSITIVE>
<LEDGERFROMITEM>No</LEDGERFROMITEM>
<LEDGERNAME>CGST</LEDGERNAME>
<AMOUNT>2.7000000</AMOUNT>
</ALLLEDGERENTRIES.LIST>
<ALLLEDGERENTRIES.LIST>
<REMOVEZEROENTRIES>No</REMOVEZEROENTRIES>
<ISDEEMEDPOSITIVE>No</ISDEEMEDPOSITIVE>
<LEDGERFROMITEM>No</LEDGERFROMITEM>
<LEDGERNAME>Container Handling Services-Import-GST</LEDGERNAME>
<AMOUNT>400.000</AMOUNT>
</ALLLEDGERENTRIES.LIST>
<ALLLEDGERENTRIES.LIST>
<REMOVEZEROENTRIES>No</REMOVEZEROENTRIES>
<ISDEEMEDPOSITIVE>No</ISDEEMEDPOSITIVE>
<LEDGERFROMITEM>No</LEDGERFROMITEM>
<LEDGERNAME>CGST</LEDGERNAME>
<AMOUNT>36.0000000</AMOUNT>
</ALLLEDGERENTRIES.LIST>
<ALLLEDGERENTRIES.LIST>
<REMOVEZEROENTRIES>No</REMOVEZEROENTRIES>
<ISDEEMEDPOSITIVE>No</ISDEEMEDPOSITIVE>
<LEDGERFROMITEM>No</LEDGERFROMITEM>
<LEDGERNAME>SGST</LEDGERNAME>
<AMOUNT>36.0000000</AMOUNT>
</ALLLEDGERENTRIES.LIST>
<ALLLEDGERENTRIES.LIST>
<REMOVEZEROENTRIES>No</REMOVEZEROENTRIES>
<ISDEEMEDPOSITIVE>No</ISDEEMEDPOSITIVE>
<LEDGERFROMITEM>No</LEDGERFROMITEM>
<LEDGERNAME>Container Handling Services-Import-GST</LEDGERNAME>
<AMOUNT>1200.000</AMOUNT>
</ALLLEDGERENTRIES.LIST>
<ALLLEDGERENTRIES.LIST>
<REMOVEZEROENTRIES>No</REMOVEZEROENTRIES>
<ISDEEMEDPOSITIVE>No</ISDEEMEDPOSITIVE>
<LEDGERFROMITEM>No</LEDGERFROMITEM>
<LEDGERNAME>SGST</LEDGERNAME>
<AMOUNT>108.0000000</AMOUNT>
</ALLLEDGERENTRIES.LIST>
<ALLLEDGERENTRIES.LIST>
<REMOVEZEROENTRIES>No</REMOVEZEROENTRIES>
<ISDEEMEDPOSITIVE>No</ISDEEMEDPOSITIVE>
<LEDGERFROMITEM>No</LEDGERFROMITEM>
<LEDGERNAME>CGST</LEDGERNAME>
<AMOUNT>108.0000000</AMOUNT>
</ALLLEDGERENTRIES.LIST>
<ALLLEDGERENTRIES.LIST>
<REMOVEZEROENTRIES>No</REMOVEZEROENTRIES>
<ISDEEMEDPOSITIVE>No</ISDEEMEDPOSITIVE>
<LEDGERFROMITEM>No</LEDGERFROMITEM>
<LEDGERNAME>Container Handling Services-Import-GST</LEDGERNAME>
<AMOUNT>4500.000</AMOUNT>
</ALLLEDGERENTRIES.LIST>
<ALLLEDGERENTRIES.LIST>
<REMOVEZEROENTRIES>No</REMOVEZEROENTRIES>
<ISDEEMEDPOSITIVE>No</ISDEEMEDPOSITIVE>
<LEDGERFROMITEM>No</LEDGERFROMITEM>
<LEDGERNAME>CGST</LEDGERNAME>
<AMOUNT>405.0000000</AMOUNT>
</ALLLEDGERENTRIES.LIST>
<ALLLEDGERENTRIES.LIST>
<REMOVEZEROENTRIES>No</REMOVEZEROENTRIES>
<ISDEEMEDPOSITIVE>No</ISDEEMEDPOSITIVE>
<LEDGERFROMITEM>No</LEDGERFROMITEM>
<LEDGERNAME>SGST</LEDGERNAME>
<AMOUNT>405.0000000</AMOUNT>
</ALLLEDGERENTRIES.LIST>
<ALLLEDGERENTRIES.LIST>
<REMOVEZEROENTRIES>No</REMOVEZEROENTRIES>
<ISDEEMEDPOSITIVE>No</ISDEEMEDPOSITIVE>
<LEDGERFROMITEM>No</LEDGERFROMITEM>
<LEDGERNAME>Container Handling Services-Import-GST</LEDGERNAME>
<AMOUNT>600.000</AMOUNT>
</ALLLEDGERENTRIES.LIST>
<ALLLEDGERENTRIES.LIST>
<REMOVEZEROENTRIES>No</REMOVEZEROENTRIES>
<ISDEEMEDPOSITIVE>No</ISDEEMEDPOSITIVE>
<LEDGERFROMITEM>No</LEDGERFROMITEM>
<LEDGERNAME>CGST</LEDGERNAME>
<AMOUNT>54.0000000</AMOUNT>
</ALLLEDGERENTRIES.LIST>
<ALLLEDGERENTRIES.LIST>
<REMOVEZEROENTRIES>No</REMOVEZEROENTRIES>
<ISDEEMEDPOSITIVE>No</ISDEEMEDPOSITIVE>
<LEDGERFROMITEM>No</LEDGERFROMITEM>
<LEDGERNAME>SGST</LEDGERNAME>
<AMOUNT>54.0000000</AMOUNT>
</ALLLEDGERENTRIES.LIST>
<ALLLEDGERENTRIES.LIST>
<REMOVEZEROENTRIES>No</REMOVEZEROENTRIES>
<ISDEEMEDPOSITIVE>No</ISDEEMEDPOSITIVE>
<LEDGERFROMITEM>No</LEDGERFROMITEM>
<LEDGERNAME>SHORT AND EXCESS</LEDGERNAME>
<AMOUNT>-0.100</AMOUNT>
</ALLLEDGERENTRIES.LIST>
</VOUCHER>
<VOUCHER>
<ISOPTIONAL>No</ISOPTIONAL>
<USEFORGAINLOSS>No</USEFORGAINLOSS>
<USEFORCOMPOUND>No</USEFORCOMPOUND>
<VOUCHERTYPENAME>Sales-Import-CFSM</VOUCHERTYPENAME>
<DATE>20191105</DATE>
<EFFECTIVEDATE>20191105</EFFECTIVEDATE>
<ISCANCELLED>No</ISCANCELLED>
<USETRACKINGNUMBER>No</USETRACKINGNUMBER>
<ISPOSTDATED>No</ISPOSTDATED>
<ISINVOICE>No</ISINVOICE>
<DIFFACTUALQTY>No</DIFFACTUALQTY>
<VOUCHERNUMBER>ALSI009303/19-20</VOUCHERNUMBER>
<PARTYLEDGERNAME>MKB FOODS PRIVATE LIMITED</PARTYLEDGERNAME>
<STATENAME>Maharashtra</STATENAME>
<NARRATION>Being amount debited towards IGM No: 2237567, BL NO: COAU7150173030, Importer: MKB FOODS PRIVATE LIMITED, VOY NO: 112, Vessel: XIN BEIJING, LINER: Cosco(OffdocTHC) Shipping Line and containers:  2 X 20, Invoice No: ALSI009303/19-20</NARRATION>
<PARTYGSTIN>27AAICM2514Q1Z2</PARTYGSTIN>
<ALLLEDGERENTRIES.LIST>
<REMOVEZEROENTRIES>No</REMOVEZEROENTRIES>
<ISDEEMEDPOSITIVE>Yes</ISDEEMEDPOSITIVE>
<LEDGERFROMITEM>No</LEDGERFROMITEM>
<LEDGERNAME>MKB FOODS PRIVATE LIMITED</LEDGERNAME>
<AMOUNT>-32490.000</AMOUNT>
<BILLALLOCATIONS.LIST>
<NAME>ALSI009303/19-20</NAME>
<BILLTYPE>New Ref</BILLTYPE>
<AMOUNT>-32490.000</AMOUNT>
</BILLALLOCATIONS.LIST>
</ALLLEDGERENTRIES.LIST>
<ALLLEDGERENTRIES.LIST>
<REMOVEZEROENTRIES>No</REMOVEZEROENTRIES>
<ISDEEMEDPOSITIVE>No</ISDEEMEDPOSITIVE>
<LEDGERFROMITEM>No</LEDGERFROMITEM>
<LEDGERNAME>Container Handling Services-Import-GST</LEDGERNAME>
<AMOUNT>13730.000</AMOUNT>
</ALLLEDGERENTRIES.LIST>
<ALLLEDGERENTRIES.LIST>
<REMOVEZEROENTRIES>No</REMOVEZEROENTRIES>
<ISDEEMEDPOSITIVE>No</ISDEEMEDPOSITIVE>
<LEDGERFROMITEM>No</LEDGERFROMITEM>
<LEDGERNAME>Container Handling Services-Import-GST</LEDGERNAME>
<AMOUNT>1000.000</AMOUNT>
</ALLLEDGERENTRIES.LIST>
<ALLLEDGERENTRIES.LIST>
<REMOVEZEROENTRIES>No</REMOVEZEROENTRIES>
<ISDEEMEDPOSITIVE>No</ISDEEMEDPOSITIVE>
<LEDGERFROMITEM>No</LEDGERFROMITEM>
<LEDGERNAME>Other Storage and Warehousing Services-Import-GST</LEDGERNAME>
<AMOUNT>11200.000</AMOUNT>
</ALLLEDGERENTRIES.LIST>
<ALLLEDGERENTRIES.LIST>
<REMOVEZEROENTRIES>No</REMOVEZEROENTRIES>
<ISDEEMEDPOSITIVE>No</ISDEEMEDPOSITIVE>
<LEDGERFROMITEM>No</LEDGERFROMITEM>
<LEDGERNAME>Container Handling Services-Import-GST</LEDGERNAME>
<AMOUNT>2400.000</AMOUNT>
</ALLLEDGERENTRIES.LIST>
<ALLLEDGERENTRIES.LIST>
<REMOVEZEROENTRIES>No</REMOVEZEROENTRIES>
<ISDEEMEDPOSITIVE>No</ISDEEMEDPOSITIVE>
<LEDGERFROMITEM>No</LEDGERFROMITEM>
<LEDGERNAME>Container Handling Services-Import-GST</LEDGERNAME>
<AMOUNT>100.000</AMOUNT>
</ALLLEDGERENTRIES.LIST>
<ALLLEDGERENTRIES.LIST>
<REMOVEZEROENTRIES>No</REMOVEZEROENTRIES>
<ISDEEMEDPOSITIVE>No</ISDEEMEDPOSITIVE>
<LEDGERFROMITEM>No</LEDGERFROMITEM>
<LEDGERNAME>Container Handling Services-Import-GST</LEDGERNAME>
<AMOUNT>60.000</AMOUNT>
</ALLLEDGERENTRIES.LIST>
<ALLLEDGERENTRIES.LIST>
<REMOVEZEROENTRIES>No</REMOVEZEROENTRIES>
<ISDEEMEDPOSITIVE>No</ISDEEMEDPOSITIVE>
<LEDGERFROMITEM>No</LEDGERFROMITEM>
<LEDGERNAME>Container Handling Services-Import-GST</LEDGERNAME>
<AMOUNT>400.000</AMOUNT>
</ALLLEDGERENTRIES.LIST>
<ALLLEDGERENTRIES.LIST>
<REMOVEZEROENTRIES>No</REMOVEZEROENTRIES>
<ISDEEMEDPOSITIVE>No</ISDEEMEDPOSITIVE>
<LEDGERFROMITEM>No</LEDGERFROMITEM>
<LEDGERNAME>Container Handling Services-Import-GST</LEDGERNAME>
<AMOUNT>2400.000</AMOUNT>
</ALLLEDGERENTRIES.LIST>
<ALLLEDGERENTRIES.LIST>
<REMOVEZEROENTRIES>No</REMOVEZEROENTRIES>
<ISDEEMEDPOSITIVE>No</ISDEEMEDPOSITIVE>
<LEDGERFROMITEM>No</LEDGERFROMITEM>
<LEDGERNAME>Container Handling Services-Import-GST</LEDGERNAME>
<AMOUNT>1200.000</AMOUNT>
</ALLLEDGERENTRIES.LIST>
<ALLLEDGERENTRIES.LIST>
<REMOVEZEROENTRIES>No</REMOVEZEROENTRIES>
<ISDEEMEDPOSITIVE>No</ISDEEMEDPOSITIVE>
<LEDGERFROMITEM>No</LEDGERFROMITEM>
<LEDGERNAME>SHORT AND EXCESS</LEDGERNAME>
<AMOUNT>0.000</AMOUNT>
</ALLLEDGERENTRIES.LIST>
</VOUCHER>
<VOUCHER>
<ISOPTIONAL>No</ISOPTIONAL>
<USEFORGAINLOSS>No</USEFORGAINLOSS>
<USEFORCOMPOUND>No</USEFORCOMPOUND>
<VOUCHERTYPENAME>Sales-Import-CFSM</VOUCHERTYPENAME>
<DATE>20191105</DATE>
<EFFECTIVEDATE>20191105</EFFECTIVEDATE>
<ISCANCELLED>No</ISCANCELLED>
<USETRACKINGNUMBER>No</USETRACKINGNUMBER>
<ISPOSTDATED>No</ISPOSTDATED>
<ISINVOICE>No</ISINVOICE>
<DIFFACTUALQTY>No</DIFFACTUALQTY>
<VOUCHERNUMBER>ALSI009304/19-20</VOUCHERNUMBER>
<PARTYLEDGERNAME>AGILITY LOGISTICS PRIVATE LIMITED</PARTYLEDGERNAME>
<STATENAME>Maharashtra</STATENAME>
<NARRATION>Being amount debited towards IGM No: 2237567, BL NO: SZP0299695001, Importer: MG MOTOR INDIA PRIVATE LIMITED, VOY NO: 112, Vessel: XIN BEIJING, LINER: COSCO SHIPPING LINES (INDIA) PRIVATE LIMITED and containers:  1 X 40, Invoice No: ALSI009304/19-20</NARRATION>
<PARTYGSTIN>27AAACL3717A1Z1</PARTYGSTIN>
<ALLLEDGERENTRIES.LIST>
<REMOVEZEROENTRIES>No</REMOVEZEROENTRIES>
<ISDEEMEDPOSITIVE>Yes</ISDEEMEDPOSITIVE>
<LEDGERFROMITEM>No</LEDGERFROMITEM>
<LEDGERNAME>AGILITY LOGISTICS PRIVATE LIMITED</LEDGERNAME>
<AMOUNT>-43908.000</AMOUNT>
<BILLALLOCATIONS.LIST>
<NAME>ALSI009304/19-20</NAME>
<BILLTYPE>New Ref</BILLTYPE>
<AMOUNT>-43908.000</AMOUNT>
</BILLALLOCATIONS.LIST>
</ALLLEDGERENTRIES.LIST>
<ALLLEDGERENTRIES.LIST>
<REMOVEZEROENTRIES>No</REMOVEZEROENTRIES>
<ISDEEMEDPOSITIVE>No</ISDEEMEDPOSITIVE>
<LEDGERFROMITEM>No</LEDGERFROMITEM>
<LEDGERNAME>Container Handling Services-Import-GST</LEDGERNAME>
<AMOUNT>20380.000</AMOUNT>
</ALLLEDGERENTRIES.LIST>
<ALLLEDGERENTRIES.LIST>
<REMOVEZEROENTRIES>No</REMOVEZEROENTRIES>
<ISDEEMEDPOSITIVE>No</ISDEEMEDPOSITIVE>
<LEDGERFROMITEM>No</LEDGERFROMITEM>
<LEDGERNAME>SGST</LEDGERNAME>
<AMOUNT>1834.2000000</AMOUNT>
</ALLLEDGERENTRIES.LIST>
<ALLLEDGERENTRIES.LIST>
<REMOVEZEROENTRIES>No</REMOVEZEROENTRIES>
<ISDEEMEDPOSITIVE>No</ISDEEMEDPOSITIVE>
<LEDGERFROMITEM>No</LEDGERFROMITEM>
<LEDGERNAME>CGST</LEDGERNAME>
<AMOUNT>1834.2000000</AMOUNT>
</ALLLEDGERENTRIES.LIST>
<ALLLEDGERENTRIES.LIST>
<REMOVEZEROENTRIES>No</REMOVEZEROENTRIES>
<ISDEEMEDPOSITIVE>No</ISDEEMEDPOSITIVE>
<LEDGERFROMITEM>No</LEDGERFROMITEM>
<LEDGERNAME>Other Storage and Warehousing Services-Import-GST</LEDGERNAME>
<AMOUNT>10400.000</AMOUNT>
</ALLLEDGERENTRIES.LIST>
<ALLLEDGERENTRIES.LIST>
<REMOVEZEROENTRIES>No</REMOVEZEROENTRIES>
<ISDEEMEDPOSITIVE>No</ISDEEMEDPOSITIVE>
<LEDGERFROMITEM>No</LEDGERFROMITEM>
<LEDGERNAME>CGST</LEDGERNAME>
<AMOUNT>936.0000000</AMOUNT>
</ALLLEDGERENTRIES.LIST>
<ALLLEDGERENTRIES.LIST>
<REMOVEZEROENTRIES>No</REMOVEZEROENTRIES>
<ISDEEMEDPOSITIVE>No</ISDEEMEDPOSITIVE>
<LEDGERFROMITEM>No</LEDGERFROMITEM>
<LEDGERNAME>SGST</LEDGERNAME>
<AMOUNT>936.0000000</AMOUNT>
</ALLLEDGERENTRIES.LIST>
<ALLLEDGERENTRIES.LIST>
<REMOVEZEROENTRIES>No</REMOVEZEROENTRIES>
<ISDEEMEDPOSITIVE>No</ISDEEMEDPOSITIVE>
<LEDGERFROMITEM>No</LEDGERFROMITEM>
<LEDGERNAME>Container Handling Services-Import-GST</LEDGERNAME>
<AMOUNT>2400.000</AMOUNT>
</ALLLEDGERENTRIES.LIST>
<ALLLEDGERENTRIES.LIST>
<REMOVEZEROENTRIES>No</REMOVEZEROENTRIES>
<ISDEEMEDPOSITIVE>No</ISDEEMEDPOSITIVE>
<LEDGERFROMITEM>No</LEDGERFROMITEM>
<LEDGERNAME>SGST</LEDGERNAME>
<AMOUNT>216.0000000</AMOUNT>
</ALLLEDGERENTRIES.LIST>
<ALLLEDGERENTRIES.LIST>
<REMOVEZEROENTRIES>No</REMOVEZEROENTRIES>
<ISDEEMEDPOSITIVE>No</ISDEEMEDPOSITIVE>
<LEDGERFROMITEM>No</LEDGERFROMITEM>
<LEDGERNAME>CGST</LEDGERNAME>
<AMOUNT>216.0000000</AMOUNT>
</ALLLEDGERENTRIES.LIST>
<ALLLEDGERENTRIES.LIST>
<REMOVEZEROENTRIES>No</REMOVEZEROENTRIES>
<ISDEEMEDPOSITIVE>No</ISDEEMEDPOSITIVE>
<LEDGERFROMITEM>No</LEDGERFROMITEM>
<LEDGERNAME>Container Handling Services-Import-GST</LEDGERNAME>
<AMOUNT>30.000</AMOUNT>
</ALLLEDGERENTRIES.LIST>
<ALLLEDGERENTRIES.LIST>
<REMOVEZEROENTRIES>No</REMOVEZEROENTRIES>
<ISDEEMEDPOSITIVE>No</ISDEEMEDPOSITIVE>
<LEDGERFROMITEM>No</LEDGERFROMITEM>
<LEDGERNAME>SGST</LEDGERNAME>
<AMOUNT>2.7000000</AMOUNT>
</ALLLEDGERENTRIES.LIST>
<ALLLEDGERENTRIES.LIST>
<REMOVEZEROENTRIES>No</REMOVEZEROENTRIES>
<ISDEEMEDPOSITIVE>No</ISDEEMEDPOSITIVE>
<LEDGERFROMITEM>No</LEDGERFROMITEM>
<LEDGERNAME>CGST</LEDGERNAME>
<AMOUNT>2.7000000</AMOUNT>
</ALLLEDGERENTRIES.LIST>
<ALLLEDGERENTRIES.LIST>
<REMOVEZEROENTRIES>No</REMOVEZEROENTRIES>
<ISDEEMEDPOSITIVE>No</ISDEEMEDPOSITIVE>
<LEDGERFROMITEM>No</LEDGERFROMITEM>
<LEDGERNAME>Container Handling Services-Import-GST</LEDGERNAME>
<AMOUNT>400.000</AMOUNT>
</ALLLEDGERENTRIES.LIST>
<ALLLEDGERENTRIES.LIST>
<REMOVEZEROENTRIES>No</REMOVEZEROENTRIES>
<ISDEEMEDPOSITIVE>No</ISDEEMEDPOSITIVE>
<LEDGERFROMITEM>No</LEDGERFROMITEM>
<LEDGERNAME>SGST</LEDGERNAME>
<AMOUNT>36.0000000</AMOUNT>
</ALLLEDGERENTRIES.LIST>
<ALLLEDGERENTRIES.LIST>
<REMOVEZEROENTRIES>No</REMOVEZEROENTRIES>
<ISDEEMEDPOSITIVE>No</ISDEEMEDPOSITIVE>
<LEDGERFROMITEM>No</LEDGERFROMITEM>
<LEDGERNAME>CGST</LEDGERNAME>
<AMOUNT>36.0000000</AMOUNT>
</ALLLEDGERENTRIES.LIST>
<ALLLEDGERENTRIES.LIST>
<REMOVEZEROENTRIES>No</REMOVEZEROENTRIES>
<ISDEEMEDPOSITIVE>No</ISDEEMEDPOSITIVE>
<LEDGERFROMITEM>No</LEDGERFROMITEM>
<LEDGERNAME>Container Handling Services-Import-GST</LEDGERNAME>
<AMOUNT>2400.000</AMOUNT>
</ALLLEDGERENTRIES.LIST>
<ALLLEDGERENTRIES.LIST>
<REMOVEZEROENTRIES>No</REMOVEZEROENTRIES>
<ISDEEMEDPOSITIVE>No</ISDEEMEDPOSITIVE>
<LEDGERFROMITEM>No</LEDGERFROMITEM>
<LEDGERNAME>SGST</LEDGERNAME>
<AMOUNT>216.0000000</AMOUNT>
</ALLLEDGERENTRIES.LIST>
<ALLLEDGERENTRIES.LIST>
<REMOVEZEROENTRIES>No</REMOVEZEROENTRIES>
<ISDEEMEDPOSITIVE>No</ISDEEMEDPOSITIVE>
<LEDGERFROMITEM>No</LEDGERFROMITEM>
<LEDGERNAME>CGST</LEDGERNAME>
<AMOUNT>216.0000000</AMOUNT>
</ALLLEDGERENTRIES.LIST>
<ALLLEDGERENTRIES.LIST>
<REMOVEZEROENTRIES>No</REMOVEZEROENTRIES>
<ISDEEMEDPOSITIVE>No</ISDEEMEDPOSITIVE>
<LEDGERFROMITEM>No</LEDGERFROMITEM>
<LEDGERNAME>Container Handling Services-Import-GST</LEDGERNAME>
<AMOUNT>1200.000</AMOUNT>
</ALLLEDGERENTRIES.LIST>
<ALLLEDGERENTRIES.LIST>
<REMOVEZEROENTRIES>No</REMOVEZEROENTRIES>
<ISDEEMEDPOSITIVE>No</ISDEEMEDPOSITIVE>
<LEDGERFROMITEM>No</LEDGERFROMITEM>
<LEDGERNAME>CGST</LEDGERNAME>
<AMOUNT>108.0000000</AMOUNT>
</ALLLEDGERENTRIES.LIST>
<ALLLEDGERENTRIES.LIST>
<REMOVEZEROENTRIES>No</REMOVEZEROENTRIES>
<ISDEEMEDPOSITIVE>No</ISDEEMEDPOSITIVE>
<LEDGERFROMITEM>No</LEDGERFROMITEM>
<LEDGERNAME>SGST</LEDGERNAME>
<AMOUNT>108.0000000</AMOUNT>
</ALLLEDGERENTRIES.LIST>
<ALLLEDGERENTRIES.LIST>
<REMOVEZEROENTRIES>No</REMOVEZEROENTRIES>
<ISDEEMEDPOSITIVE>No</ISDEEMEDPOSITIVE>
<LEDGERFROMITEM>No</LEDGERFROMITEM>
<LEDGERNAME>SHORT AND EXCESS</LEDGERNAME>
<AMOUNT>0.200</AMOUNT>
</ALLLEDGERENTRIES.LIST>
</VOUCHER>
<VOUCHER>
<ISOPTIONAL>No</ISOPTIONAL>
<USEFORGAINLOSS>No</USEFORGAINLOSS>
<USEFORCOMPOUND>No</USEFORCOMPOUND>
<VOUCHERTYPENAME>Sales-Import-CFSM</VOUCHERTYPENAME>
<DATE>20191105</DATE>
<EFFECTIVEDATE>20191105</EFFECTIVEDATE>
<ISCANCELLED>No</ISCANCELLED>
<USETRACKINGNUMBER>No</USETRACKINGNUMBER>
<ISPOSTDATED>No</ISPOSTDATED>
<ISINVOICE>No</ISINVOICE>
<DIFFACTUALQTY>No</DIFFACTUALQTY>
<VOUCHERNUMBER>ALSLI00038/19-20</VOUCHERNUMBER>
<PARTYLEDGERNAME>RCL FEEDER PTE LTD.</PARTYLEDGERNAME>
<STATENAME>Maharashtra</STATENAME>
<NARRATION>Being amount debited towards IGM No: , BL NO: , Importer: , VOY NO: , Vessel: , LINER: RCL FEEDER PTE LTD. and containers:  45 X 40, Invoice No: ALSLI00038/19-20</NARRATION>
<PARTYGSTIN>27AABCR9993B1Z2</PARTYGSTIN>
<ALLLEDGERENTRIES.LIST>
<REMOVEZEROENTRIES>No</REMOVEZEROENTRIES>
<ISDEEMEDPOSITIVE>Yes</ISDEEMEDPOSITIVE>
<LEDGERFROMITEM>No</LEDGERFROMITEM>
<LEDGERNAME>RCL FEEDER PTE LTD.</LEDGERNAME>
<AMOUNT>-80830.000</AMOUNT>
<BILLALLOCATIONS.LIST>
<NAME>ALSLI00038/19-20</NAME>
<BILLTYPE>New Ref</BILLTYPE>
<AMOUNT>-80830.000</AMOUNT>
</BILLALLOCATIONS.LIST>
</ALLLEDGERENTRIES.LIST>
<ALLLEDGERENTRIES.LIST>
<REMOVEZEROENTRIES>No</REMOVEZEROENTRIES>
<ISDEEMEDPOSITIVE>No</ISDEEMEDPOSITIVE>
<LEDGERFROMITEM>No</LEDGERFROMITEM>
<LEDGERNAME>Misc Sales</LEDGERNAME>
<AMOUNT>68500.000</AMOUNT>
</ALLLEDGERENTRIES.LIST>
<ALLLEDGERENTRIES.LIST>
<REMOVEZEROENTRIES>No</REMOVEZEROENTRIES>
<ISDEEMEDPOSITIVE>No</ISDEEMEDPOSITIVE>
<LEDGERFROMITEM>No</LEDGERFROMITEM>
<LEDGERNAME>CGST</LEDGERNAME>
<AMOUNT>6165.0000000</AMOUNT>
</ALLLEDGERENTRIES.LIST>
<ALLLEDGERENTRIES.LIST>
<REMOVEZEROENTRIES>No</REMOVEZEROENTRIES>
<ISDEEMEDPOSITIVE>No</ISDEEMEDPOSITIVE>
<LEDGERFROMITEM>No</LEDGERFROMITEM>
<LEDGERNAME>SGST</LEDGERNAME>
<AMOUNT>6165.0000000</AMOUNT>
</ALLLEDGERENTRIES.LIST>
<ALLLEDGERENTRIES.LIST>
<REMOVEZEROENTRIES>No</REMOVEZEROENTRIES>
<ISDEEMEDPOSITIVE>No</ISDEEMEDPOSITIVE>
<LEDGERFROMITEM>No</LEDGERFROMITEM>
<LEDGERNAME>SHORT AND EXCESS</LEDGERNAME>
<AMOUNT>0.000</AMOUNT>
</ALLLEDGERENTRIES.LIST>
</VOUCHER>
</TALLYMESSAGE>
</REQUESTDATA>
</IMPORTDATA>
</BODY>
</ENVELOPE>
