<?xml version="1.0" encoding="UTF-8"?>
<ENVELOPE>
<HEADER>
<TALLYREQUEST>Import Data</TALLYREQUEST>
</HEADER>
<BODY>
<IMPORTDATA>
<REQUESTDESC>
<REPORTNAME>Vouchers</REPORTNAME>
<STATICVARIABLES>
<SVCURRENTCOMPANY>
Apollo LogiSolutions Limited-Panvel
</SVCURRENTCOMPANY>
</STATICVARIABLES>
</REQUESTDESC>
<REQUESTDATA>
<TALLYMESSAGE xmlns:UDF="TallyUDF">
<VOUCHER>
<ISOPTIONAL>No</ISOPTIONAL>
<USEFORGAINLOSS>No</USEFORGAINLOSS>
<USEFORCOMPOUND>No</USEFORCOMPOUND>
<VOUCHERTYPENAME>Sales-Import-CFSM</VOUCHERTYPENAME>
<DATE>20200109</DATE>
<EFFECTIVEDATE>20200109</EFFECTIVEDATE>
<ISCANCELLED>No</ISCANCELLED>
<USETRACKINGNUMBER>No</USETRACKINGNUMBER>
<ISPOSTDATED>No</ISPOSTDATED>
<ISINVOICE>No</ISINVOICE>
<DIFFACTUALQTY>No</DIFFACTUALQTY>
<VOUCHERNUMBER>ALSI012519/19-20</VOUCHERNUMBER>
<PARTYLEDGERNAME>OM FREIGHT FORWARDERS PVT LTD</PARTYLEDGERNAME>
<STATENAME>Maharashtra</STATENAME>

<PARTYGSTIN>27AAACO0663J1ZG</PARTYGSTIN>
<ALLLEDGERENTRIES.LIST>
<REMOVEZEROENTRIES>No</REMOVEZEROENTRIES>
<ISDEEMEDPOSITIVE>Yes</ISDEEMEDPOSITIVE>
<LEDGERFROMITEM>No</LEDGERFROMITEM>
<LEDGERNAME>OM FREIGHT FORWARDERS PVT LTD</LEDGERNAME>
<AMOUNT>-9912.000</AMOUNT>
<BILLALLOCATIONS.LIST>
<NAME>ALSI012519/19-20</NAME>
<BILLTYPE>New Ref</BILLTYPE>
<AMOUNT>-9912.000</AMOUNT>
</BILLALLOCATIONS.LIST>
</ALLLEDGERENTRIES.LIST>
<ALLLEDGERENTRIES.LIST>
<REMOVEZEROENTRIES>No</REMOVEZEROENTRIES>
<ISDEEMEDPOSITIVE>No</ISDEEMEDPOSITIVE>
<LEDGERFROMITEM>No</LEDGERFROMITEM>
<LEDGERNAME>Container Handling Services-Import-GST</LEDGERNAME>
<AMOUNT>8400.000</AMOUNT>
</ALLLEDGERENTRIES.LIST>
<ALLLEDGERENTRIES.LIST>
<REMOVEZEROENTRIES>No</REMOVEZEROENTRIES>
<ISDEEMEDPOSITIVE>No</ISDEEMEDPOSITIVE>
<LEDGERFROMITEM>No</LEDGERFROMITEM>
<LEDGERNAME>CGST</LEDGERNAME>
<AMOUNT>756.0000000</AMOUNT>
</ALLLEDGERENTRIES.LIST>
<ALLLEDGERENTRIES.LIST>
<REMOVEZEROENTRIES>No</REMOVEZEROENTRIES>
<ISDEEMEDPOSITIVE>No</ISDEEMEDPOSITIVE>
<LEDGERFROMITEM>No</LEDGERFROMITEM>
<LEDGERNAME>SGST</LEDGERNAME>
<AMOUNT>756.0000000</AMOUNT>
</ALLLEDGERENTRIES.LIST>
<ALLLEDGERENTRIES.LIST>
<REMOVEZEROENTRIES>No</REMOVEZEROENTRIES>
<ISDEEMEDPOSITIVE>No</ISDEEMEDPOSITIVE>
<LEDGERFROMITEM>No</LEDGERFROMITEM>
<LEDGERNAME>SHORT AND EXCESS</LEDGERNAME>
<AMOUNT>0.000</AMOUNT>
</ALLLEDGERENTRIES.LIST>
</VOUCHER>
<VOUCHER>
<ISOPTIONAL>No</ISOPTIONAL>
<USEFORGAINLOSS>No</USEFORGAINLOSS>
<USEFORCOMPOUND>No</USEFORCOMPOUND>
<VOUCHERTYPENAME>Sales-Import-CFSM</VOUCHERTYPENAME>
<DATE>20200109</DATE>
<EFFECTIVEDATE>20200109</EFFECTIVEDATE>
<ISCANCELLED>No</ISCANCELLED>
<USETRACKINGNUMBER>No</USETRACKINGNUMBER>
<ISPOSTDATED>No</ISPOSTDATED>
<ISINVOICE>No</ISINVOICE>
<DIFFACTUALQTY>No</DIFFACTUALQTY>
<VOUCHERNUMBER>ALSI012520/19-20</VOUCHERNUMBER>
<PARTYLEDGERNAME>OM FREIGHT FORWARDERS PVT LTD</PARTYLEDGERNAME>
<STATENAME>Maharashtra</STATENAME>

<PARTYGSTIN>27AAACO0663J1ZG</PARTYGSTIN>
<ALLLEDGERENTRIES.LIST>
<REMOVEZEROENTRIES>No</REMOVEZEROENTRIES>
<ISDEEMEDPOSITIVE>Yes</ISDEEMEDPOSITIVE>
<LEDGERFROMITEM>No</LEDGERFROMITEM>
<LEDGERNAME>OM FREIGHT FORWARDERS PVT LTD</LEDGERNAME>
<AMOUNT>-14160.000</AMOUNT>
<BILLALLOCATIONS.LIST>
<NAME>ALSI012520/19-20</NAME>
<BILLTYPE>New Ref</BILLTYPE>
<AMOUNT>-14160.000</AMOUNT>
</BILLALLOCATIONS.LIST>
</ALLLEDGERENTRIES.LIST>
<ALLLEDGERENTRIES.LIST>
<REMOVEZEROENTRIES>No</REMOVEZEROENTRIES>
<ISDEEMEDPOSITIVE>No</ISDEEMEDPOSITIVE>
<LEDGERFROMITEM>No</LEDGERFROMITEM>
<LEDGERNAME>Container Handling Services-Import-GST</LEDGERNAME>
<AMOUNT>12000.000</AMOUNT>
</ALLLEDGERENTRIES.LIST>
<ALLLEDGERENTRIES.LIST>
<REMOVEZEROENTRIES>No</REMOVEZEROENTRIES>
<ISDEEMEDPOSITIVE>No</ISDEEMEDPOSITIVE>
<LEDGERFROMITEM>No</LEDGERFROMITEM>
<LEDGERNAME>CGST</LEDGERNAME>
<AMOUNT>1080.0000000</AMOUNT>
</ALLLEDGERENTRIES.LIST>
<ALLLEDGERENTRIES.LIST>
<REMOVEZEROENTRIES>No</REMOVEZEROENTRIES>
<ISDEEMEDPOSITIVE>No</ISDEEMEDPOSITIVE>
<LEDGERFROMITEM>No</LEDGERFROMITEM>
<LEDGERNAME>SGST</LEDGERNAME>
<AMOUNT>1080.0000000</AMOUNT>
</ALLLEDGERENTRIES.LIST>
<ALLLEDGERENTRIES.LIST>
<REMOVEZEROENTRIES>No</REMOVEZEROENTRIES>
<ISDEEMEDPOSITIVE>No</ISDEEMEDPOSITIVE>
<LEDGERFROMITEM>No</LEDGERFROMITEM>
<LEDGERNAME>SHORT AND EXCESS</LEDGERNAME>
<AMOUNT>0.000</AMOUNT>
</ALLLEDGERENTRIES.LIST>
</VOUCHER>
<VOUCHER>
<ISOPTIONAL>No</ISOPTIONAL>
<USEFORGAINLOSS>No</USEFORGAINLOSS>
<USEFORCOMPOUND>No</USEFORCOMPOUND>
<VOUCHERTYPENAME>Sales-Import-CFSM</VOUCHERTYPENAME>
<DATE>20200109</DATE>
<EFFECTIVEDATE>20200109</EFFECTIVEDATE>
<ISCANCELLED>No</ISCANCELLED>
<USETRACKINGNUMBER>No</USETRACKINGNUMBER>
<ISPOSTDATED>No</ISPOSTDATED>
<ISINVOICE>No</ISINVOICE>
<DIFFACTUALQTY>No</DIFFACTUALQTY>
<VOUCHERNUMBER>ALSI012521/19-20</VOUCHERNUMBER>
<PARTYLEDGERNAME>OM FREIGHT FORWARDERS PVT LTD</PARTYLEDGERNAME>
<STATENAME>Maharashtra</STATENAME>

<PARTYGSTIN>27AAACO0663J1ZG</PARTYGSTIN>
<ALLLEDGERENTRIES.LIST>
<REMOVEZEROENTRIES>No</REMOVEZEROENTRIES>
<ISDEEMEDPOSITIVE>Yes</ISDEEMEDPOSITIVE>
<LEDGERFROMITEM>No</LEDGERFROMITEM>
<LEDGERNAME>OM FREIGHT FORWARDERS PVT LTD</LEDGERNAME>
<AMOUNT>-12744.000</AMOUNT>
<BILLALLOCATIONS.LIST>
<NAME>ALSI012521/19-20</NAME>
<BILLTYPE>New Ref</BILLTYPE>
<AMOUNT>-12744.000</AMOUNT>
</BILLALLOCATIONS.LIST>
</ALLLEDGERENTRIES.LIST>
<ALLLEDGERENTRIES.LIST>
<REMOVEZEROENTRIES>No</REMOVEZEROENTRIES>
<ISDEEMEDPOSITIVE>No</ISDEEMEDPOSITIVE>
<LEDGERFROMITEM>No</LEDGERFROMITEM>
<LEDGERNAME>Container Handling Services-Import-GST</LEDGERNAME>
<AMOUNT>10800.000</AMOUNT>
</ALLLEDGERENTRIES.LIST>
<ALLLEDGERENTRIES.LIST>
<REMOVEZEROENTRIES>No</REMOVEZEROENTRIES>
<ISDEEMEDPOSITIVE>No</ISDEEMEDPOSITIVE>
<LEDGERFROMITEM>No</LEDGERFROMITEM>
<LEDGERNAME>CGST</LEDGERNAME>
<AMOUNT>972.0000000</AMOUNT>
</ALLLEDGERENTRIES.LIST>
<ALLLEDGERENTRIES.LIST>
<REMOVEZEROENTRIES>No</REMOVEZEROENTRIES>
<ISDEEMEDPOSITIVE>No</ISDEEMEDPOSITIVE>
<LEDGERFROMITEM>No</LEDGERFROMITEM>
<LEDGERNAME>SGST</LEDGERNAME>
<AMOUNT>972.0000000</AMOUNT>
</ALLLEDGERENTRIES.LIST>
<ALLLEDGERENTRIES.LIST>
<REMOVEZEROENTRIES>No</REMOVEZEROENTRIES>
<ISDEEMEDPOSITIVE>No</ISDEEMEDPOSITIVE>
<LEDGERFROMITEM>No</LEDGERFROMITEM>
<LEDGERNAME>SHORT AND EXCESS</LEDGERNAME>
<AMOUNT>0.000</AMOUNT>
</ALLLEDGERENTRIES.LIST>
</VOUCHER>
<VOUCHER>
<ISOPTIONAL>No</ISOPTIONAL>
<USEFORGAINLOSS>No</USEFORGAINLOSS>
<USEFORCOMPOUND>No</USEFORCOMPOUND>
<VOUCHERTYPENAME>Sales-Import-CFSM</VOUCHERTYPENAME>
<DATE>20200109</DATE>
<EFFECTIVEDATE>20200109</EFFECTIVEDATE>
<ISCANCELLED>No</ISCANCELLED>
<USETRACKINGNUMBER>No</USETRACKINGNUMBER>
<ISPOSTDATED>No</ISPOSTDATED>
<ISINVOICE>No</ISINVOICE>
<DIFFACTUALQTY>No</DIFFACTUALQTY>
<VOUCHERNUMBER>ALSI012522/19-20</VOUCHERNUMBER>
<PARTYLEDGERNAME>TATA CHEMICALS LTD</PARTYLEDGERNAME>
<STATENAME>Gujarat</STATENAME>

<PARTYGSTIN>24AAACT4059M1Z5</PARTYGSTIN>
<ALLLEDGERENTRIES.LIST>
<REMOVEZEROENTRIES>No</REMOVEZEROENTRIES>
<ISDEEMEDPOSITIVE>Yes</ISDEEMEDPOSITIVE>
<LEDGERFROMITEM>No</LEDGERFROMITEM>
<LEDGERNAME>TATA CHEMICALS LTD</LEDGERNAME>
<AMOUNT>-57820.000</AMOUNT>
<BILLALLOCATIONS.LIST>
<NAME>ALSI012522/19-20</NAME>
<BILLTYPE>New Ref</BILLTYPE>
<AMOUNT>-57820.000</AMOUNT>
</BILLALLOCATIONS.LIST>
</ALLLEDGERENTRIES.LIST>
<ALLLEDGERENTRIES.LIST>
<REMOVEZEROENTRIES>No</REMOVEZEROENTRIES>
<ISDEEMEDPOSITIVE>No</ISDEEMEDPOSITIVE>
<LEDGERFROMITEM>No</LEDGERFROMITEM>
<LEDGERNAME>Container Handling Services-Import-GST</LEDGERNAME>
<AMOUNT>49000.000</AMOUNT>
</ALLLEDGERENTRIES.LIST>
<ALLLEDGERENTRIES.LIST>
<REMOVEZEROENTRIES>No</REMOVEZEROENTRIES>
<ISDEEMEDPOSITIVE>No</ISDEEMEDPOSITIVE>
<LEDGERFROMITEM>No</LEDGERFROMITEM>
<LEDGERNAME>IGST</LEDGERNAME>
<AMOUNT>8820.0000000</AMOUNT>
</ALLLEDGERENTRIES.LIST>
<ALLLEDGERENTRIES.LIST>
<REMOVEZEROENTRIES>No</REMOVEZEROENTRIES>
<ISDEEMEDPOSITIVE>No</ISDEEMEDPOSITIVE>
<LEDGERFROMITEM>No</LEDGERFROMITEM>
<LEDGERNAME>SHORT AND EXCESS</LEDGERNAME>
<AMOUNT>0.000</AMOUNT>
</ALLLEDGERENTRIES.LIST>
</VOUCHER>
<VOUCHER>
<ISOPTIONAL>No</ISOPTIONAL>
<USEFORGAINLOSS>No</USEFORGAINLOSS>
<USEFORCOMPOUND>No</USEFORCOMPOUND>
<VOUCHERTYPENAME>Sales-Import-CFSM</VOUCHERTYPENAME>
<DATE>20200109</DATE>
<EFFECTIVEDATE>20200109</EFFECTIVEDATE>
<ISCANCELLED>No</ISCANCELLED>
<USETRACKINGNUMBER>No</USETRACKINGNUMBER>
<ISPOSTDATED>No</ISPOSTDATED>
<ISINVOICE>No</ISINVOICE>
<DIFFACTUALQTY>No</DIFFACTUALQTY>
<VOUCHERNUMBER>ALSI012523/19-20</VOUCHERNUMBER>
<PARTYLEDGERNAME>RIDDHI ENTERPRISES</PARTYLEDGERNAME>
<STATENAME>Maharashtra</STATENAME>
<NARRATION>Being amount debited towards IGM No: 2243250, BL NO: COAU7221077280, Importer: M/S. RIDDHI ENTERPRISES., VOY NO: 949W, Vessel: MAERSK TAURUS, LINER: Cosco(OffdocTHC) Shipping Line and containers:  1 X 40, Invoice No: ALSI012523/19-20</NARRATION>
<PARTYGSTIN>27AAAFR7366L1ZP</PARTYGSTIN>
<ALLLEDGERENTRIES.LIST>
<REMOVEZEROENTRIES>No</REMOVEZEROENTRIES>
<ISDEEMEDPOSITIVE>Yes</ISDEEMEDPOSITIVE>
<LEDGERFROMITEM>No</LEDGERFROMITEM>
<LEDGERNAME>RIDDHI ENTERPRISES</LEDGERNAME>
<AMOUNT>-24261.000</AMOUNT>
<BILLALLOCATIONS.LIST>
<NAME>ALSI012523/19-20</NAME>
<BILLTYPE>New Ref</BILLTYPE>
<AMOUNT>-24261.000</AMOUNT>
</BILLALLOCATIONS.LIST>
</ALLLEDGERENTRIES.LIST>
<ALLLEDGERENTRIES.LIST>
<REMOVEZEROENTRIES>No</REMOVEZEROENTRIES>
<ISDEEMEDPOSITIVE>No</ISDEEMEDPOSITIVE>
<LEDGERFROMITEM>No</LEDGERFROMITEM>
<LEDGERNAME>Container Handling Services-Import-GST</LEDGERNAME>
<AMOUNT>8380.000</AMOUNT>
</ALLLEDGERENTRIES.LIST>
<ALLLEDGERENTRIES.LIST>
<REMOVEZEROENTRIES>No</REMOVEZEROENTRIES>
<ISDEEMEDPOSITIVE>No</ISDEEMEDPOSITIVE>
<LEDGERFROMITEM>No</LEDGERFROMITEM>
<LEDGERNAME>CGST</LEDGERNAME>
<AMOUNT>754.2000000</AMOUNT>
</ALLLEDGERENTRIES.LIST>
<ALLLEDGERENTRIES.LIST>
<REMOVEZEROENTRIES>No</REMOVEZEROENTRIES>
<ISDEEMEDPOSITIVE>No</ISDEEMEDPOSITIVE>
<LEDGERFROMITEM>No</LEDGERFROMITEM>
<LEDGERNAME>SGST</LEDGERNAME>
<AMOUNT>754.2000000</AMOUNT>
</ALLLEDGERENTRIES.LIST>
<ALLLEDGERENTRIES.LIST>
<REMOVEZEROENTRIES>No</REMOVEZEROENTRIES>
<ISDEEMEDPOSITIVE>No</ISDEEMEDPOSITIVE>
<LEDGERFROMITEM>No</LEDGERFROMITEM>
<LEDGERNAME>Other Storage and Warehousing Services-Import-GST</LEDGERNAME>
<AMOUNT>4600.000</AMOUNT>
</ALLLEDGERENTRIES.LIST>
<ALLLEDGERENTRIES.LIST>
<REMOVEZEROENTRIES>No</REMOVEZEROENTRIES>
<ISDEEMEDPOSITIVE>No</ISDEEMEDPOSITIVE>
<LEDGERFROMITEM>No</LEDGERFROMITEM>
<LEDGERNAME>CGST</LEDGERNAME>
<AMOUNT>414.0000000</AMOUNT>
</ALLLEDGERENTRIES.LIST>
<ALLLEDGERENTRIES.LIST>
<REMOVEZEROENTRIES>No</REMOVEZEROENTRIES>
<ISDEEMEDPOSITIVE>No</ISDEEMEDPOSITIVE>
<LEDGERFROMITEM>No</LEDGERFROMITEM>
<LEDGERNAME>SGST</LEDGERNAME>
<AMOUNT>414.0000000</AMOUNT>
</ALLLEDGERENTRIES.LIST>
<ALLLEDGERENTRIES.LIST>
<REMOVEZEROENTRIES>No</REMOVEZEROENTRIES>
<ISDEEMEDPOSITIVE>No</ISDEEMEDPOSITIVE>
<LEDGERFROMITEM>No</LEDGERFROMITEM>
<LEDGERNAME>Container Handling Services-Import-GST</LEDGERNAME>
<AMOUNT>2400.000</AMOUNT>
</ALLLEDGERENTRIES.LIST>
<ALLLEDGERENTRIES.LIST>
<REMOVEZEROENTRIES>No</REMOVEZEROENTRIES>
<ISDEEMEDPOSITIVE>No</ISDEEMEDPOSITIVE>
<LEDGERFROMITEM>No</LEDGERFROMITEM>
<LEDGERNAME>CGST</LEDGERNAME>
<AMOUNT>216.0000000</AMOUNT>
</ALLLEDGERENTRIES.LIST>
<ALLLEDGERENTRIES.LIST>
<REMOVEZEROENTRIES>No</REMOVEZEROENTRIES>
<ISDEEMEDPOSITIVE>No</ISDEEMEDPOSITIVE>
<LEDGERFROMITEM>No</LEDGERFROMITEM>
<LEDGERNAME>SGST</LEDGERNAME>
<AMOUNT>216.0000000</AMOUNT>
</ALLLEDGERENTRIES.LIST>
<ALLLEDGERENTRIES.LIST>
<REMOVEZEROENTRIES>No</REMOVEZEROENTRIES>
<ISDEEMEDPOSITIVE>No</ISDEEMEDPOSITIVE>
<LEDGERFROMITEM>No</LEDGERFROMITEM>
<LEDGERNAME>Container Handling Services-Import-GST</LEDGERNAME>
<AMOUNT>50.000</AMOUNT>
</ALLLEDGERENTRIES.LIST>
<ALLLEDGERENTRIES.LIST>
<REMOVEZEROENTRIES>No</REMOVEZEROENTRIES>
<ISDEEMEDPOSITIVE>No</ISDEEMEDPOSITIVE>
<LEDGERFROMITEM>No</LEDGERFROMITEM>
<LEDGERNAME>CGST</LEDGERNAME>
<AMOUNT>4.5000000</AMOUNT>
</ALLLEDGERENTRIES.LIST>
<ALLLEDGERENTRIES.LIST>
<REMOVEZEROENTRIES>No</REMOVEZEROENTRIES>
<ISDEEMEDPOSITIVE>No</ISDEEMEDPOSITIVE>
<LEDGERFROMITEM>No</LEDGERFROMITEM>
<LEDGERNAME>SGST</LEDGERNAME>
<AMOUNT>4.5000000</AMOUNT>
</ALLLEDGERENTRIES.LIST>
<ALLLEDGERENTRIES.LIST>
<REMOVEZEROENTRIES>No</REMOVEZEROENTRIES>
<ISDEEMEDPOSITIVE>No</ISDEEMEDPOSITIVE>
<LEDGERFROMITEM>No</LEDGERFROMITEM>
<LEDGERNAME>Container Handling Services-Import-GST</LEDGERNAME>
<AMOUNT>30.000</AMOUNT>
</ALLLEDGERENTRIES.LIST>
<ALLLEDGERENTRIES.LIST>
<REMOVEZEROENTRIES>No</REMOVEZEROENTRIES>
<ISDEEMEDPOSITIVE>No</ISDEEMEDPOSITIVE>
<LEDGERFROMITEM>No</LEDGERFROMITEM>
<LEDGERNAME>CGST</LEDGERNAME>
<AMOUNT>2.7000000</AMOUNT>
</ALLLEDGERENTRIES.LIST>
<ALLLEDGERENTRIES.LIST>
<REMOVEZEROENTRIES>No</REMOVEZEROENTRIES>
<ISDEEMEDPOSITIVE>No</ISDEEMEDPOSITIVE>
<LEDGERFROMITEM>No</LEDGERFROMITEM>
<LEDGERNAME>SGST</LEDGERNAME>
<AMOUNT>2.7000000</AMOUNT>
</ALLLEDGERENTRIES.LIST>
<ALLLEDGERENTRIES.LIST>
<REMOVEZEROENTRIES>No</REMOVEZEROENTRIES>
<ISDEEMEDPOSITIVE>No</ISDEEMEDPOSITIVE>
<LEDGERFROMITEM>No</LEDGERFROMITEM>
<LEDGERNAME>Container Handling Services-Import-GST</LEDGERNAME>
<AMOUNT>400.000</AMOUNT>
</ALLLEDGERENTRIES.LIST>
<ALLLEDGERENTRIES.LIST>
<REMOVEZEROENTRIES>No</REMOVEZEROENTRIES>
<ISDEEMEDPOSITIVE>No</ISDEEMEDPOSITIVE>
<LEDGERFROMITEM>No</LEDGERFROMITEM>
<LEDGERNAME>CGST</LEDGERNAME>
<AMOUNT>36.0000000</AMOUNT>
</ALLLEDGERENTRIES.LIST>
<ALLLEDGERENTRIES.LIST>
<REMOVEZEROENTRIES>No</REMOVEZEROENTRIES>
<ISDEEMEDPOSITIVE>No</ISDEEMEDPOSITIVE>
<LEDGERFROMITEM>No</LEDGERFROMITEM>
<LEDGERNAME>SGST</LEDGERNAME>
<AMOUNT>36.0000000</AMOUNT>
</ALLLEDGERENTRIES.LIST>
<ALLLEDGERENTRIES.LIST>
<REMOVEZEROENTRIES>No</REMOVEZEROENTRIES>
<ISDEEMEDPOSITIVE>No</ISDEEMEDPOSITIVE>
<LEDGERFROMITEM>No</LEDGERFROMITEM>
<LEDGERNAME>Container Handling Services-Import-GST</LEDGERNAME>
<AMOUNT>2400.000</AMOUNT>
</ALLLEDGERENTRIES.LIST>
<ALLLEDGERENTRIES.LIST>
<REMOVEZEROENTRIES>No</REMOVEZEROENTRIES>
<ISDEEMEDPOSITIVE>No</ISDEEMEDPOSITIVE>
<LEDGERFROMITEM>No</LEDGERFROMITEM>
<LEDGERNAME>CGST</LEDGERNAME>
<AMOUNT>216.0000000</AMOUNT>
</ALLLEDGERENTRIES.LIST>
<ALLLEDGERENTRIES.LIST>
<REMOVEZEROENTRIES>No</REMOVEZEROENTRIES>
<ISDEEMEDPOSITIVE>No</ISDEEMEDPOSITIVE>
<LEDGERFROMITEM>No</LEDGERFROMITEM>
<LEDGERNAME>SGST</LEDGERNAME>
<AMOUNT>216.0000000</AMOUNT>
</ALLLEDGERENTRIES.LIST>
<ALLLEDGERENTRIES.LIST>
<REMOVEZEROENTRIES>No</REMOVEZEROENTRIES>
<ISDEEMEDPOSITIVE>No</ISDEEMEDPOSITIVE>
<LEDGERFROMITEM>No</LEDGERFROMITEM>
<LEDGERNAME>Container Handling Services-Import-GST</LEDGERNAME>
<AMOUNT>1200.000</AMOUNT>
</ALLLEDGERENTRIES.LIST>
<ALLLEDGERENTRIES.LIST>
<REMOVEZEROENTRIES>No</REMOVEZEROENTRIES>
<ISDEEMEDPOSITIVE>No</ISDEEMEDPOSITIVE>
<LEDGERFROMITEM>No</LEDGERFROMITEM>
<LEDGERNAME>CGST</LEDGERNAME>
<AMOUNT>108.0000000</AMOUNT>
</ALLLEDGERENTRIES.LIST>
<ALLLEDGERENTRIES.LIST>
<REMOVEZEROENTRIES>No</REMOVEZEROENTRIES>
<ISDEEMEDPOSITIVE>No</ISDEEMEDPOSITIVE>
<LEDGERFROMITEM>No</LEDGERFROMITEM>
<LEDGERNAME>SGST</LEDGERNAME>
<AMOUNT>108.0000000</AMOUNT>
</ALLLEDGERENTRIES.LIST>
<ALLLEDGERENTRIES.LIST>
<REMOVEZEROENTRIES>No</REMOVEZEROENTRIES>
<ISDEEMEDPOSITIVE>No</ISDEEMEDPOSITIVE>
<LEDGERFROMITEM>No</LEDGERFROMITEM>
<LEDGERNAME>Container Handling Services-Import-GST</LEDGERNAME>
<AMOUNT>1100.000</AMOUNT>
</ALLLEDGERENTRIES.LIST>
<ALLLEDGERENTRIES.LIST>
<REMOVEZEROENTRIES>No</REMOVEZEROENTRIES>
<ISDEEMEDPOSITIVE>No</ISDEEMEDPOSITIVE>
<LEDGERFROMITEM>No</LEDGERFROMITEM>
<LEDGERNAME>CGST</LEDGERNAME>
<AMOUNT>99.0000000</AMOUNT>
</ALLLEDGERENTRIES.LIST>
<ALLLEDGERENTRIES.LIST>
<REMOVEZEROENTRIES>No</REMOVEZEROENTRIES>
<ISDEEMEDPOSITIVE>No</ISDEEMEDPOSITIVE>
<LEDGERFROMITEM>No</LEDGERFROMITEM>
<LEDGERNAME>SGST</LEDGERNAME>
<AMOUNT>99.0000000</AMOUNT>
</ALLLEDGERENTRIES.LIST>
<ALLLEDGERENTRIES.LIST>
<REMOVEZEROENTRIES>No</REMOVEZEROENTRIES>
<ISDEEMEDPOSITIVE>No</ISDEEMEDPOSITIVE>
<LEDGERFROMITEM>No</LEDGERFROMITEM>
<LEDGERNAME>SHORT AND EXCESS</LEDGERNAME>
<AMOUNT>0.200</AMOUNT>
</ALLLEDGERENTRIES.LIST>
</VOUCHER>
<VOUCHER>
<ISOPTIONAL>No</ISOPTIONAL>
<USEFORGAINLOSS>No</USEFORGAINLOSS>
<USEFORCOMPOUND>No</USEFORCOMPOUND>
<VOUCHERTYPENAME>Sales-Import-CFSM</VOUCHERTYPENAME>
<DATE>20200109</DATE>
<EFFECTIVEDATE>20200109</EFFECTIVEDATE>
<ISCANCELLED>No</ISCANCELLED>
<USETRACKINGNUMBER>No</USETRACKINGNUMBER>
<ISPOSTDATED>No</ISPOSTDATED>
<ISINVOICE>No</ISINVOICE>
<DIFFACTUALQTY>No</DIFFACTUALQTY>
<VOUCHERNUMBER>ALSI012524/19-20</VOUCHERNUMBER>
<PARTYLEDGERNAME>ESTEEM INDUSTRIES PVT LTD</PARTYLEDGERNAME>
<STATENAME>Maharashtra</STATENAME>
<NARRATION>Being amount debited towards IGM No: 2243068, BL NO: 0279696812, Importer: ESTEEM INDUSTRIES PVT LTD, VOY NO: 926, Vessel: WAN HAI 513, LINER: WAN HAI LINE and containers:  1 X 20, Invoice No: ALSI012524/19-20</NARRATION>
<PARTYGSTIN>27AAACE9474F1ZG</PARTYGSTIN>
<ALLLEDGERENTRIES.LIST>
<REMOVEZEROENTRIES>No</REMOVEZEROENTRIES>
<ISDEEMEDPOSITIVE>Yes</ISDEEMEDPOSITIVE>
<LEDGERFROMITEM>No</LEDGERFROMITEM>
<LEDGERNAME>ESTEEM INDUSTRIES PVT LTD</LEDGERNAME>
<AMOUNT>-21690.000</AMOUNT>
<BILLALLOCATIONS.LIST>
<NAME>ALSI012524/19-20</NAME>
<BILLTYPE>New Ref</BILLTYPE>
<AMOUNT>-21690.000</AMOUNT>
</BILLALLOCATIONS.LIST>
</ALLLEDGERENTRIES.LIST>
<ALLLEDGERENTRIES.LIST>
<REMOVEZEROENTRIES>No</REMOVEZEROENTRIES>
<ISDEEMEDPOSITIVE>No</ISDEEMEDPOSITIVE>
<LEDGERFROMITEM>No</LEDGERFROMITEM>
<LEDGERNAME>Container Handling Services-Import-GST</LEDGERNAME>
<AMOUNT>9215.000</AMOUNT>
</ALLLEDGERENTRIES.LIST>
<ALLLEDGERENTRIES.LIST>
<REMOVEZEROENTRIES>No</REMOVEZEROENTRIES>
<ISDEEMEDPOSITIVE>No</ISDEEMEDPOSITIVE>
<LEDGERFROMITEM>No</LEDGERFROMITEM>
<LEDGERNAME>CGST</LEDGERNAME>
<AMOUNT>829.3500000</AMOUNT>
</ALLLEDGERENTRIES.LIST>
<ALLLEDGERENTRIES.LIST>
<REMOVEZEROENTRIES>No</REMOVEZEROENTRIES>
<ISDEEMEDPOSITIVE>No</ISDEEMEDPOSITIVE>
<LEDGERFROMITEM>No</LEDGERFROMITEM>
<LEDGERNAME>SGST</LEDGERNAME>
<AMOUNT>829.3500000</AMOUNT>
</ALLLEDGERENTRIES.LIST>
<ALLLEDGERENTRIES.LIST>
<REMOVEZEROENTRIES>No</REMOVEZEROENTRIES>
<ISDEEMEDPOSITIVE>No</ISDEEMEDPOSITIVE>
<LEDGERFROMITEM>No</LEDGERFROMITEM>
<LEDGERNAME>Other Storage and Warehousing Services-Import-GST</LEDGERNAME>
<AMOUNT>3600.000</AMOUNT>
</ALLLEDGERENTRIES.LIST>
<ALLLEDGERENTRIES.LIST>
<REMOVEZEROENTRIES>No</REMOVEZEROENTRIES>
<ISDEEMEDPOSITIVE>No</ISDEEMEDPOSITIVE>
<LEDGERFROMITEM>No</LEDGERFROMITEM>
<LEDGERNAME>CGST</LEDGERNAME>
<AMOUNT>324.0000000</AMOUNT>
</ALLLEDGERENTRIES.LIST>
<ALLLEDGERENTRIES.LIST>
<REMOVEZEROENTRIES>No</REMOVEZEROENTRIES>
<ISDEEMEDPOSITIVE>No</ISDEEMEDPOSITIVE>
<LEDGERFROMITEM>No</LEDGERFROMITEM>
<LEDGERNAME>SGST</LEDGERNAME>
<AMOUNT>324.0000000</AMOUNT>
</ALLLEDGERENTRIES.LIST>
<ALLLEDGERENTRIES.LIST>
<REMOVEZEROENTRIES>No</REMOVEZEROENTRIES>
<ISDEEMEDPOSITIVE>No</ISDEEMEDPOSITIVE>
<LEDGERFROMITEM>No</LEDGERFROMITEM>
<LEDGERNAME>Container Handling Services-Import-GST</LEDGERNAME>
<AMOUNT>1566.400</AMOUNT>
</ALLLEDGERENTRIES.LIST>
<ALLLEDGERENTRIES.LIST>
<REMOVEZEROENTRIES>No</REMOVEZEROENTRIES>
<ISDEEMEDPOSITIVE>No</ISDEEMEDPOSITIVE>
<LEDGERFROMITEM>No</LEDGERFROMITEM>
<LEDGERNAME>CGST</LEDGERNAME>
<AMOUNT>140.9800000</AMOUNT>
</ALLLEDGERENTRIES.LIST>
<ALLLEDGERENTRIES.LIST>
<REMOVEZEROENTRIES>No</REMOVEZEROENTRIES>
<ISDEEMEDPOSITIVE>No</ISDEEMEDPOSITIVE>
<LEDGERFROMITEM>No</LEDGERFROMITEM>
<LEDGERNAME>SGST</LEDGERNAME>
<AMOUNT>140.9800000</AMOUNT>
</ALLLEDGERENTRIES.LIST>
<ALLLEDGERENTRIES.LIST>
<REMOVEZEROENTRIES>No</REMOVEZEROENTRIES>
<ISDEEMEDPOSITIVE>No</ISDEEMEDPOSITIVE>
<LEDGERFROMITEM>No</LEDGERFROMITEM>
<LEDGERNAME>Container Handling Services-Import-GST</LEDGERNAME>
<AMOUNT>1200.000</AMOUNT>
</ALLLEDGERENTRIES.LIST>
<ALLLEDGERENTRIES.LIST>
<REMOVEZEROENTRIES>No</REMOVEZEROENTRIES>
<ISDEEMEDPOSITIVE>No</ISDEEMEDPOSITIVE>
<LEDGERFROMITEM>No</LEDGERFROMITEM>
<LEDGERNAME>CGST</LEDGERNAME>
<AMOUNT>108.0000000</AMOUNT>
</ALLLEDGERENTRIES.LIST>
<ALLLEDGERENTRIES.LIST>
<REMOVEZEROENTRIES>No</REMOVEZEROENTRIES>
<ISDEEMEDPOSITIVE>No</ISDEEMEDPOSITIVE>
<LEDGERFROMITEM>No</LEDGERFROMITEM>
<LEDGERNAME>SGST</LEDGERNAME>
<AMOUNT>108.0000000</AMOUNT>
</ALLLEDGERENTRIES.LIST>
<ALLLEDGERENTRIES.LIST>
<REMOVEZEROENTRIES>No</REMOVEZEROENTRIES>
<ISDEEMEDPOSITIVE>No</ISDEEMEDPOSITIVE>
<LEDGERFROMITEM>No</LEDGERFROMITEM>
<LEDGERNAME>Container Handling Services-Import-GST</LEDGERNAME>
<AMOUNT>50.000</AMOUNT>
</ALLLEDGERENTRIES.LIST>
<ALLLEDGERENTRIES.LIST>
<REMOVEZEROENTRIES>No</REMOVEZEROENTRIES>
<ISDEEMEDPOSITIVE>No</ISDEEMEDPOSITIVE>
<LEDGERFROMITEM>No</LEDGERFROMITEM>
<LEDGERNAME>CGST</LEDGERNAME>
<AMOUNT>4.5000000</AMOUNT>
</ALLLEDGERENTRIES.LIST>
<ALLLEDGERENTRIES.LIST>
<REMOVEZEROENTRIES>No</REMOVEZEROENTRIES>
<ISDEEMEDPOSITIVE>No</ISDEEMEDPOSITIVE>
<LEDGERFROMITEM>No</LEDGERFROMITEM>
<LEDGERNAME>SGST</LEDGERNAME>
<AMOUNT>4.5000000</AMOUNT>
</ALLLEDGERENTRIES.LIST>
<ALLLEDGERENTRIES.LIST>
<REMOVEZEROENTRIES>No</REMOVEZEROENTRIES>
<ISDEEMEDPOSITIVE>No</ISDEEMEDPOSITIVE>
<LEDGERFROMITEM>No</LEDGERFROMITEM>
<LEDGERNAME>Container Handling Services-Import-GST</LEDGERNAME>
<AMOUNT>400.000</AMOUNT>
</ALLLEDGERENTRIES.LIST>
<ALLLEDGERENTRIES.LIST>
<REMOVEZEROENTRIES>No</REMOVEZEROENTRIES>
<ISDEEMEDPOSITIVE>No</ISDEEMEDPOSITIVE>
<LEDGERFROMITEM>No</LEDGERFROMITEM>
<LEDGERNAME>CGST</LEDGERNAME>
<AMOUNT>36.0000000</AMOUNT>
</ALLLEDGERENTRIES.LIST>
<ALLLEDGERENTRIES.LIST>
<REMOVEZEROENTRIES>No</REMOVEZEROENTRIES>
<ISDEEMEDPOSITIVE>No</ISDEEMEDPOSITIVE>
<LEDGERFROMITEM>No</LEDGERFROMITEM>
<LEDGERNAME>SGST</LEDGERNAME>
<AMOUNT>36.0000000</AMOUNT>
</ALLLEDGERENTRIES.LIST>
<ALLLEDGERENTRIES.LIST>
<REMOVEZEROENTRIES>No</REMOVEZEROENTRIES>
<ISDEEMEDPOSITIVE>No</ISDEEMEDPOSITIVE>
<LEDGERFROMITEM>No</LEDGERFROMITEM>
<LEDGERNAME>Container Handling Services-Import-GST</LEDGERNAME>
<AMOUNT>1200.000</AMOUNT>
</ALLLEDGERENTRIES.LIST>
<ALLLEDGERENTRIES.LIST>
<REMOVEZEROENTRIES>No</REMOVEZEROENTRIES>
<ISDEEMEDPOSITIVE>No</ISDEEMEDPOSITIVE>
<LEDGERFROMITEM>No</LEDGERFROMITEM>
<LEDGERNAME>CGST</LEDGERNAME>
<AMOUNT>108.0000000</AMOUNT>
</ALLLEDGERENTRIES.LIST>
<ALLLEDGERENTRIES.LIST>
<REMOVEZEROENTRIES>No</REMOVEZEROENTRIES>
<ISDEEMEDPOSITIVE>No</ISDEEMEDPOSITIVE>
<LEDGERFROMITEM>No</LEDGERFROMITEM>
<LEDGERNAME>SGST</LEDGERNAME>
<AMOUNT>108.0000000</AMOUNT>
</ALLLEDGERENTRIES.LIST>
<ALLLEDGERENTRIES.LIST>
<REMOVEZEROENTRIES>No</REMOVEZEROENTRIES>
<ISDEEMEDPOSITIVE>No</ISDEEMEDPOSITIVE>
<LEDGERFROMITEM>No</LEDGERFROMITEM>
<LEDGERNAME>Container Handling Services-Import-GST</LEDGERNAME>
<AMOUNT>600.000</AMOUNT>
</ALLLEDGERENTRIES.LIST>
<ALLLEDGERENTRIES.LIST>
<REMOVEZEROENTRIES>No</REMOVEZEROENTRIES>
<ISDEEMEDPOSITIVE>No</ISDEEMEDPOSITIVE>
<LEDGERFROMITEM>No</LEDGERFROMITEM>
<LEDGERNAME>CGST</LEDGERNAME>
<AMOUNT>54.0000000</AMOUNT>
</ALLLEDGERENTRIES.LIST>
<ALLLEDGERENTRIES.LIST>
<REMOVEZEROENTRIES>No</REMOVEZEROENTRIES>
<ISDEEMEDPOSITIVE>No</ISDEEMEDPOSITIVE>
<LEDGERFROMITEM>No</LEDGERFROMITEM>
<LEDGERNAME>SGST</LEDGERNAME>
<AMOUNT>54.0000000</AMOUNT>
</ALLLEDGERENTRIES.LIST>
<ALLLEDGERENTRIES.LIST>
<REMOVEZEROENTRIES>No</REMOVEZEROENTRIES>
<ISDEEMEDPOSITIVE>No</ISDEEMEDPOSITIVE>
<LEDGERFROMITEM>No</LEDGERFROMITEM>
<LEDGERNAME>Container Handling Services-Import-GST</LEDGERNAME>
<AMOUNT>550.000</AMOUNT>
</ALLLEDGERENTRIES.LIST>
<ALLLEDGERENTRIES.LIST>
<REMOVEZEROENTRIES>No</REMOVEZEROENTRIES>
<ISDEEMEDPOSITIVE>No</ISDEEMEDPOSITIVE>
<LEDGERFROMITEM>No</LEDGERFROMITEM>
<LEDGERNAME>CGST</LEDGERNAME>
<AMOUNT>49.5000000</AMOUNT>
</ALLLEDGERENTRIES.LIST>
<ALLLEDGERENTRIES.LIST>
<REMOVEZEROENTRIES>No</REMOVEZEROENTRIES>
<ISDEEMEDPOSITIVE>No</ISDEEMEDPOSITIVE>
<LEDGERFROMITEM>No</LEDGERFROMITEM>
<LEDGERNAME>SGST</LEDGERNAME>
<AMOUNT>49.5000000</AMOUNT>
</ALLLEDGERENTRIES.LIST>
<ALLLEDGERENTRIES.LIST>
<REMOVEZEROENTRIES>No</REMOVEZEROENTRIES>
<ISDEEMEDPOSITIVE>No</ISDEEMEDPOSITIVE>
<LEDGERFROMITEM>No</LEDGERFROMITEM>
<LEDGERNAME>SHORT AND EXCESS</LEDGERNAME>
<AMOUNT>-0.060</AMOUNT>
</ALLLEDGERENTRIES.LIST>
</VOUCHER>
<VOUCHER>
<ISOPTIONAL>No</ISOPTIONAL>
<USEFORGAINLOSS>No</USEFORGAINLOSS>
<USEFORCOMPOUND>No</USEFORCOMPOUND>
<VOUCHERTYPENAME>Sales-Import-CFSM</VOUCHERTYPENAME>
<DATE>20200109</DATE>
<EFFECTIVEDATE>20200109</EFFECTIVEDATE>
<ISCANCELLED>No</ISCANCELLED>
<USETRACKINGNUMBER>No</USETRACKINGNUMBER>
<ISPOSTDATED>No</ISPOSTDATED>
<ISINVOICE>No</ISINVOICE>
<DIFFACTUALQTY>No</DIFFACTUALQTY>
<VOUCHERNUMBER>ALSI012525/19-20</VOUCHERNUMBER>
<PARTYLEDGERNAME>SURI</PARTYLEDGERNAME>
<STATENAME>Maharashtra</STATENAME>
<NARRATION>Being amount debited towards IGM No: 2242160, BL NO: HDMUZSNS2080192, Importer: SURI, VOY NO: 1951, Vessel: HYUNDAI NEWYORK, LINER: HYUNDAI MERCHANT MARINE INDIA PRIVATE LIMITED and containers:  1 X 40, Invoice No: ALSI012525/19-20</NARRATION>
<PARTYGSTIN>27AVQPS3355M1ZP</PARTYGSTIN>
<ALLLEDGERENTRIES.LIST>
<REMOVEZEROENTRIES>No</REMOVEZEROENTRIES>
<ISDEEMEDPOSITIVE>Yes</ISDEEMEDPOSITIVE>
<LEDGERFROMITEM>No</LEDGERFROMITEM>
<LEDGERNAME>SURI</LEDGERNAME>
<AMOUNT>-2596.000</AMOUNT>
<BILLALLOCATIONS.LIST>
<NAME>ALSI012525/19-20</NAME>
<BILLTYPE>New Ref</BILLTYPE>
<AMOUNT>-2596.000</AMOUNT>
</BILLALLOCATIONS.LIST>
</ALLLEDGERENTRIES.LIST>
<ALLLEDGERENTRIES.LIST>
<REMOVEZEROENTRIES>No</REMOVEZEROENTRIES>
<ISDEEMEDPOSITIVE>No</ISDEEMEDPOSITIVE>
<LEDGERFROMITEM>No</LEDGERFROMITEM>
<LEDGERNAME>Other Storage and Warehousing Services-Import-GST</LEDGERNAME>
<AMOUNT>2200.000</AMOUNT>
</ALLLEDGERENTRIES.LIST>
<ALLLEDGERENTRIES.LIST>
<REMOVEZEROENTRIES>No</REMOVEZEROENTRIES>
<ISDEEMEDPOSITIVE>No</ISDEEMEDPOSITIVE>
<LEDGERFROMITEM>No</LEDGERFROMITEM>
<LEDGERNAME>CGST</LEDGERNAME>
<AMOUNT>198.0000000</AMOUNT>
</ALLLEDGERENTRIES.LIST>
<ALLLEDGERENTRIES.LIST>
<REMOVEZEROENTRIES>No</REMOVEZEROENTRIES>
<ISDEEMEDPOSITIVE>No</ISDEEMEDPOSITIVE>
<LEDGERFROMITEM>No</LEDGERFROMITEM>
<LEDGERNAME>SGST</LEDGERNAME>
<AMOUNT>198.0000000</AMOUNT>
</ALLLEDGERENTRIES.LIST>
<ALLLEDGERENTRIES.LIST>
<REMOVEZEROENTRIES>No</REMOVEZEROENTRIES>
<ISDEEMEDPOSITIVE>No</ISDEEMEDPOSITIVE>
<LEDGERFROMITEM>No</LEDGERFROMITEM>
<LEDGERNAME>SHORT AND EXCESS</LEDGERNAME>
<AMOUNT>0.000</AMOUNT>
</ALLLEDGERENTRIES.LIST>
</VOUCHER>
<VOUCHER>
<ISOPTIONAL>No</ISOPTIONAL>
<USEFORGAINLOSS>No</USEFORGAINLOSS>
<USEFORCOMPOUND>No</USEFORCOMPOUND>
<VOUCHERTYPENAME>Sales-Import-CFSM</VOUCHERTYPENAME>
<DATE>20200109</DATE>
<EFFECTIVEDATE>20200109</EFFECTIVEDATE>
<ISCANCELLED>No</ISCANCELLED>
<USETRACKINGNUMBER>No</USETRACKINGNUMBER>
<ISPOSTDATED>No</ISPOSTDATED>
<ISINVOICE>No</ISINVOICE>
<DIFFACTUALQTY>No</DIFFACTUALQTY>
<VOUCHERNUMBER>ALSI012526/19-20</VOUCHERNUMBER>
<PARTYLEDGERNAME>Om Seaways Cargo P Ltd</PARTYLEDGERNAME>
<STATENAME>Maharashtra</STATENAME>
<NARRATION>Being amount debited towards IGM No: 2242949, BL NO: COSU6209423770, Importer: MAHARASHTRA SEAMLESS LIMITED, VOY NO: 118, Vessel: XIN SHANGHAI, LINER: Cosco(OffdocTHC) Shipping Line and containers:  6 X 40, Invoice No: ALSI012526/19-20</NARRATION>
<PARTYGSTIN>27AABCO1381N1Z6</PARTYGSTIN>
<ALLLEDGERENTRIES.LIST>
<REMOVEZEROENTRIES>No</REMOVEZEROENTRIES>
<ISDEEMEDPOSITIVE>Yes</ISDEEMEDPOSITIVE>
<LEDGERFROMITEM>No</LEDGERFROMITEM>
<LEDGERNAME>Om Seaways Cargo P Ltd</LEDGERNAME>
<AMOUNT>-29736.000</AMOUNT>
<BILLALLOCATIONS.LIST>
<NAME>ALSI012526/19-20</NAME>
<BILLTYPE>New Ref</BILLTYPE>
<AMOUNT>-29736.000</AMOUNT>
</BILLALLOCATIONS.LIST>
</ALLLEDGERENTRIES.LIST>
<ALLLEDGERENTRIES.LIST>
<REMOVEZEROENTRIES>No</REMOVEZEROENTRIES>
<ISDEEMEDPOSITIVE>No</ISDEEMEDPOSITIVE>
<LEDGERFROMITEM>No</LEDGERFROMITEM>
<LEDGERNAME>Other Storage and Warehousing Services-Import-GST</LEDGERNAME>
<AMOUNT>25200.000</AMOUNT>
</ALLLEDGERENTRIES.LIST>
<ALLLEDGERENTRIES.LIST>
<REMOVEZEROENTRIES>No</REMOVEZEROENTRIES>
<ISDEEMEDPOSITIVE>No</ISDEEMEDPOSITIVE>
<LEDGERFROMITEM>No</LEDGERFROMITEM>
<LEDGERNAME>CGST</LEDGERNAME>
<AMOUNT>2268.0000000</AMOUNT>
</ALLLEDGERENTRIES.LIST>
<ALLLEDGERENTRIES.LIST>
<REMOVEZEROENTRIES>No</REMOVEZEROENTRIES>
<ISDEEMEDPOSITIVE>No</ISDEEMEDPOSITIVE>
<LEDGERFROMITEM>No</LEDGERFROMITEM>
<LEDGERNAME>SGST</LEDGERNAME>
<AMOUNT>2268.0000000</AMOUNT>
</ALLLEDGERENTRIES.LIST>
<ALLLEDGERENTRIES.LIST>
<REMOVEZEROENTRIES>No</REMOVEZEROENTRIES>
<ISDEEMEDPOSITIVE>No</ISDEEMEDPOSITIVE>
<LEDGERFROMITEM>No</LEDGERFROMITEM>
<LEDGERNAME>SHORT AND EXCESS</LEDGERNAME>
<AMOUNT>0.000</AMOUNT>
</ALLLEDGERENTRIES.LIST>
</VOUCHER>
<VOUCHER>
<ISOPTIONAL>No</ISOPTIONAL>
<USEFORGAINLOSS>No</USEFORGAINLOSS>
<USEFORCOMPOUND>No</USEFORCOMPOUND>
<VOUCHERTYPENAME>Sales-Import-CFSM</VOUCHERTYPENAME>
<DATE>20200109</DATE>
<EFFECTIVEDATE>20200109</EFFECTIVEDATE>
<ISCANCELLED>No</ISCANCELLED>
<USETRACKINGNUMBER>No</USETRACKINGNUMBER>
<ISPOSTDATED>No</ISPOSTDATED>
<ISINVOICE>No</ISINVOICE>
<DIFFACTUALQTY>No</DIFFACTUALQTY>
<VOUCHERNUMBER>ALSI012527/19-20</VOUCHERNUMBER>
<PARTYLEDGERNAME>LUNA IMPEX</PARTYLEDGERNAME>
<STATENAME>Maharashtra</STATENAME>
<NARRATION>Being amount debited towards IGM No: 2243344, BL NO: NGBCB19036416, Importer: LUNA IMPEX, VOY NO: 1908, Vessel: E R FELIXSTOWE, LINER: RCL-OffDocTHC and containers:  1 X 40, Invoice No: ALSI012527/19-20</NARRATION>
<PARTYGSTIN>27AHLPG7007P1ZW</PARTYGSTIN>
<ALLLEDGERENTRIES.LIST>
<REMOVEZEROENTRIES>No</REMOVEZEROENTRIES>
<ISDEEMEDPOSITIVE>Yes</ISDEEMEDPOSITIVE>
<LEDGERFROMITEM>No</LEDGERFROMITEM>
<LEDGERNAME>LUNA IMPEX</LEDGERNAME>
<AMOUNT>-14868.000</AMOUNT>
<BILLALLOCATIONS.LIST>
<NAME>ALSI012527/19-20</NAME>
<BILLTYPE>New Ref</BILLTYPE>
<AMOUNT>-14868.000</AMOUNT>
</BILLALLOCATIONS.LIST>
</ALLLEDGERENTRIES.LIST>
<ALLLEDGERENTRIES.LIST>
<REMOVEZEROENTRIES>No</REMOVEZEROENTRIES>
<ISDEEMEDPOSITIVE>No</ISDEEMEDPOSITIVE>
<LEDGERFROMITEM>No</LEDGERFROMITEM>
<LEDGERNAME>Container Handling Services-Import-GST</LEDGERNAME>
<AMOUNT>11500.000</AMOUNT>
</ALLLEDGERENTRIES.LIST>
<ALLLEDGERENTRIES.LIST>
<REMOVEZEROENTRIES>No</REMOVEZEROENTRIES>
<ISDEEMEDPOSITIVE>No</ISDEEMEDPOSITIVE>
<LEDGERFROMITEM>No</LEDGERFROMITEM>
<LEDGERNAME>CGST</LEDGERNAME>
<AMOUNT>1035.0000000</AMOUNT>
</ALLLEDGERENTRIES.LIST>
<ALLLEDGERENTRIES.LIST>
<REMOVEZEROENTRIES>No</REMOVEZEROENTRIES>
<ISDEEMEDPOSITIVE>No</ISDEEMEDPOSITIVE>
<LEDGERFROMITEM>No</LEDGERFROMITEM>
<LEDGERNAME>SGST</LEDGERNAME>
<AMOUNT>1035.0000000</AMOUNT>
</ALLLEDGERENTRIES.LIST>
<ALLLEDGERENTRIES.LIST>
<REMOVEZEROENTRIES>No</REMOVEZEROENTRIES>
<ISDEEMEDPOSITIVE>No</ISDEEMEDPOSITIVE>
<LEDGERFROMITEM>No</LEDGERFROMITEM>
<LEDGERNAME>Container Handling Services-Import-GST</LEDGERNAME>
<AMOUNT>1100.000</AMOUNT>
</ALLLEDGERENTRIES.LIST>
<ALLLEDGERENTRIES.LIST>
<REMOVEZEROENTRIES>No</REMOVEZEROENTRIES>
<ISDEEMEDPOSITIVE>No</ISDEEMEDPOSITIVE>
<LEDGERFROMITEM>No</LEDGERFROMITEM>
<LEDGERNAME>CGST</LEDGERNAME>
<AMOUNT>99.0000000</AMOUNT>
</ALLLEDGERENTRIES.LIST>
<ALLLEDGERENTRIES.LIST>
<REMOVEZEROENTRIES>No</REMOVEZEROENTRIES>
<ISDEEMEDPOSITIVE>No</ISDEEMEDPOSITIVE>
<LEDGERFROMITEM>No</LEDGERFROMITEM>
<LEDGERNAME>SGST</LEDGERNAME>
<AMOUNT>99.0000000</AMOUNT>
</ALLLEDGERENTRIES.LIST>
<ALLLEDGERENTRIES.LIST>
<REMOVEZEROENTRIES>No</REMOVEZEROENTRIES>
<ISDEEMEDPOSITIVE>No</ISDEEMEDPOSITIVE>
<LEDGERFROMITEM>No</LEDGERFROMITEM>
<LEDGERNAME>SHORT AND EXCESS</LEDGERNAME>
<AMOUNT>0.000</AMOUNT>
</ALLLEDGERENTRIES.LIST>
</VOUCHER>
<VOUCHER>
<ISOPTIONAL>No</ISOPTIONAL>
<USEFORGAINLOSS>No</USEFORGAINLOSS>
<USEFORCOMPOUND>No</USEFORCOMPOUND>
<VOUCHERTYPENAME>Sales-Import-CFSM</VOUCHERTYPENAME>
<DATE>20200109</DATE>
<EFFECTIVEDATE>20200109</EFFECTIVEDATE>
<ISCANCELLED>No</ISCANCELLED>
<USETRACKINGNUMBER>No</USETRACKINGNUMBER>
<ISPOSTDATED>No</ISPOSTDATED>
<ISINVOICE>No</ISINVOICE>
<DIFFACTUALQTY>No</DIFFACTUALQTY>
<VOUCHERNUMBER>ALSI012528/19-20</VOUCHERNUMBER>
<PARTYLEDGERNAME>GUSTO IMPORTS PRIVATE LTD</PARTYLEDGERNAME>
<STATENAME>West Bengal</STATENAME>
<NARRATION>Being amount debited towards IGM No: 2243044, BL NO: 5361419A, Importer: GUSTO IMPORTS PVT. LTD., VOY NO: 13E, Vessel: BERLIN EXPRESS, LINER: Cosco(OffdocTHC) Shipping Line and containers:  1 X 20, Invoice No: ALSI012528/19-20</NARRATION>
<PARTYGSTIN>19AACCP6321N1Z3</PARTYGSTIN>
<ALLLEDGERENTRIES.LIST>
<REMOVEZEROENTRIES>No</REMOVEZEROENTRIES>
<ISDEEMEDPOSITIVE>Yes</ISDEEMEDPOSITIVE>
<LEDGERFROMITEM>No</LEDGERFROMITEM>
<LEDGERNAME>GUSTO IMPORTS PRIVATE LTD</LEDGERNAME>
<AMOUNT>-17193.000</AMOUNT>
<BILLALLOCATIONS.LIST>
<NAME>ALSI012528/19-20</NAME>
<BILLTYPE>New Ref</BILLTYPE>
<AMOUNT>-17193.000</AMOUNT>
</BILLALLOCATIONS.LIST>
</ALLLEDGERENTRIES.LIST>
<ALLLEDGERENTRIES.LIST>
<REMOVEZEROENTRIES>No</REMOVEZEROENTRIES>
<ISDEEMEDPOSITIVE>No</ISDEEMEDPOSITIVE>
<LEDGERFROMITEM>No</LEDGERFROMITEM>
<LEDGERNAME>Container Handling Services-Import-GST</LEDGERNAME>
<AMOUNT>6865.000</AMOUNT>
</ALLLEDGERENTRIES.LIST>
<ALLLEDGERENTRIES.LIST>
<REMOVEZEROENTRIES>No</REMOVEZEROENTRIES>
<ISDEEMEDPOSITIVE>No</ISDEEMEDPOSITIVE>
<LEDGERFROMITEM>No</LEDGERFROMITEM>
<LEDGERNAME>IGST</LEDGERNAME>
<AMOUNT>1235.7000000</AMOUNT>
</ALLLEDGERENTRIES.LIST>
<ALLLEDGERENTRIES.LIST>
<REMOVEZEROENTRIES>No</REMOVEZEROENTRIES>
<ISDEEMEDPOSITIVE>No</ISDEEMEDPOSITIVE>
<LEDGERFROMITEM>No</LEDGERFROMITEM>
<LEDGERNAME>Other Storage and Warehousing Services-Import-GST</LEDGERNAME>
<AMOUNT>3600.000</AMOUNT>
</ALLLEDGERENTRIES.LIST>
<ALLLEDGERENTRIES.LIST>
<REMOVEZEROENTRIES>No</REMOVEZEROENTRIES>
<ISDEEMEDPOSITIVE>No</ISDEEMEDPOSITIVE>
<LEDGERFROMITEM>No</LEDGERFROMITEM>
<LEDGERNAME>IGST</LEDGERNAME>
<AMOUNT>648.0000000</AMOUNT>
</ALLLEDGERENTRIES.LIST>
<ALLLEDGERENTRIES.LIST>
<REMOVEZEROENTRIES>No</REMOVEZEROENTRIES>
<ISDEEMEDPOSITIVE>No</ISDEEMEDPOSITIVE>
<LEDGERFROMITEM>No</LEDGERFROMITEM>
<LEDGERNAME>Container Handling Services-Import-GST</LEDGERNAME>
<AMOUNT>1200.000</AMOUNT>
</ALLLEDGERENTRIES.LIST>
<ALLLEDGERENTRIES.LIST>
<REMOVEZEROENTRIES>No</REMOVEZEROENTRIES>
<ISDEEMEDPOSITIVE>No</ISDEEMEDPOSITIVE>
<LEDGERFROMITEM>No</LEDGERFROMITEM>
<LEDGERNAME>IGST</LEDGERNAME>
<AMOUNT>216.0000000</AMOUNT>
</ALLLEDGERENTRIES.LIST>
<ALLLEDGERENTRIES.LIST>
<REMOVEZEROENTRIES>No</REMOVEZEROENTRIES>
<ISDEEMEDPOSITIVE>No</ISDEEMEDPOSITIVE>
<LEDGERFROMITEM>No</LEDGERFROMITEM>
<LEDGERNAME>Container Handling Services-Import-GST</LEDGERNAME>
<AMOUNT>125.000</AMOUNT>
</ALLLEDGERENTRIES.LIST>
<ALLLEDGERENTRIES.LIST>
<REMOVEZEROENTRIES>No</REMOVEZEROENTRIES>
<ISDEEMEDPOSITIVE>No</ISDEEMEDPOSITIVE>
<LEDGERFROMITEM>No</LEDGERFROMITEM>
<LEDGERNAME>IGST</LEDGERNAME>
<AMOUNT>22.5000000</AMOUNT>
</ALLLEDGERENTRIES.LIST>
<ALLLEDGERENTRIES.LIST>
<REMOVEZEROENTRIES>No</REMOVEZEROENTRIES>
<ISDEEMEDPOSITIVE>No</ISDEEMEDPOSITIVE>
<LEDGERFROMITEM>No</LEDGERFROMITEM>
<LEDGERNAME>Container Handling Services-Import-GST</LEDGERNAME>
<AMOUNT>30.000</AMOUNT>
</ALLLEDGERENTRIES.LIST>
<ALLLEDGERENTRIES.LIST>
<REMOVEZEROENTRIES>No</REMOVEZEROENTRIES>
<ISDEEMEDPOSITIVE>No</ISDEEMEDPOSITIVE>
<LEDGERFROMITEM>No</LEDGERFROMITEM>
<LEDGERNAME>IGST</LEDGERNAME>
<AMOUNT>5.4000000</AMOUNT>
</ALLLEDGERENTRIES.LIST>
<ALLLEDGERENTRIES.LIST>
<REMOVEZEROENTRIES>No</REMOVEZEROENTRIES>
<ISDEEMEDPOSITIVE>No</ISDEEMEDPOSITIVE>
<LEDGERFROMITEM>No</LEDGERFROMITEM>
<LEDGERNAME>Container Handling Services-Import-GST</LEDGERNAME>
<AMOUNT>400.000</AMOUNT>
</ALLLEDGERENTRIES.LIST>
<ALLLEDGERENTRIES.LIST>
<REMOVEZEROENTRIES>No</REMOVEZEROENTRIES>
<ISDEEMEDPOSITIVE>No</ISDEEMEDPOSITIVE>
<LEDGERFROMITEM>No</LEDGERFROMITEM>
<LEDGERNAME>IGST</LEDGERNAME>
<AMOUNT>72.0000000</AMOUNT>
</ALLLEDGERENTRIES.LIST>
<ALLLEDGERENTRIES.LIST>
<REMOVEZEROENTRIES>No</REMOVEZEROENTRIES>
<ISDEEMEDPOSITIVE>No</ISDEEMEDPOSITIVE>
<LEDGERFROMITEM>No</LEDGERFROMITEM>
<LEDGERNAME>Container Handling Services-Import-GST</LEDGERNAME>
<AMOUNT>1200.000</AMOUNT>
</ALLLEDGERENTRIES.LIST>
<ALLLEDGERENTRIES.LIST>
<REMOVEZEROENTRIES>No</REMOVEZEROENTRIES>
<ISDEEMEDPOSITIVE>No</ISDEEMEDPOSITIVE>
<LEDGERFROMITEM>No</LEDGERFROMITEM>
<LEDGERNAME>IGST</LEDGERNAME>
<AMOUNT>216.0000000</AMOUNT>
</ALLLEDGERENTRIES.LIST>
<ALLLEDGERENTRIES.LIST>
<REMOVEZEROENTRIES>No</REMOVEZEROENTRIES>
<ISDEEMEDPOSITIVE>No</ISDEEMEDPOSITIVE>
<LEDGERFROMITEM>No</LEDGERFROMITEM>
<LEDGERNAME>Container Handling Services-Import-GST</LEDGERNAME>
<AMOUNT>600.000</AMOUNT>
</ALLLEDGERENTRIES.LIST>
<ALLLEDGERENTRIES.LIST>
<REMOVEZEROENTRIES>No</REMOVEZEROENTRIES>
<ISDEEMEDPOSITIVE>No</ISDEEMEDPOSITIVE>
<LEDGERFROMITEM>No</LEDGERFROMITEM>
<LEDGERNAME>IGST</LEDGERNAME>
<AMOUNT>108.0000000</AMOUNT>
</ALLLEDGERENTRIES.LIST>
<ALLLEDGERENTRIES.LIST>
<REMOVEZEROENTRIES>No</REMOVEZEROENTRIES>
<ISDEEMEDPOSITIVE>No</ISDEEMEDPOSITIVE>
<LEDGERFROMITEM>No</LEDGERFROMITEM>
<LEDGERNAME>Container Handling Services-Import-GST</LEDGERNAME>
<AMOUNT>550.000</AMOUNT>
</ALLLEDGERENTRIES.LIST>
<ALLLEDGERENTRIES.LIST>
<REMOVEZEROENTRIES>No</REMOVEZEROENTRIES>
<ISDEEMEDPOSITIVE>No</ISDEEMEDPOSITIVE>
<LEDGERFROMITEM>No</LEDGERFROMITEM>
<LEDGERNAME>IGST</LEDGERNAME>
<AMOUNT>99.0000000</AMOUNT>
</ALLLEDGERENTRIES.LIST>
<ALLLEDGERENTRIES.LIST>
<REMOVEZEROENTRIES>No</REMOVEZEROENTRIES>
<ISDEEMEDPOSITIVE>No</ISDEEMEDPOSITIVE>
<LEDGERFROMITEM>No</LEDGERFROMITEM>
<LEDGERNAME>SHORT AND EXCESS</LEDGERNAME>
<AMOUNT>0.400</AMOUNT>
</ALLLEDGERENTRIES.LIST>
</VOUCHER>
<VOUCHER>
<ISOPTIONAL>No</ISOPTIONAL>
<USEFORGAINLOSS>No</USEFORGAINLOSS>
<USEFORCOMPOUND>No</USEFORCOMPOUND>
<VOUCHERTYPENAME>Sales-Import-CFSM</VOUCHERTYPENAME>
<DATE>20200109</DATE>
<EFFECTIVEDATE>20200109</EFFECTIVEDATE>
<ISCANCELLED>No</ISCANCELLED>
<USETRACKINGNUMBER>No</USETRACKINGNUMBER>
<ISPOSTDATED>No</ISPOSTDATED>
<ISINVOICE>No</ISINVOICE>
<DIFFACTUALQTY>No</DIFFACTUALQTY>
<VOUCHERNUMBER>ALSI012529/19-20</VOUCHERNUMBER>
<PARTYLEDGERNAME>SAKSHI ENTERPRISES</PARTYLEDGERNAME>
<STATENAME>Maharashtra</STATENAME>
<NARRATION>Being amount debited towards IGM No: 2242830, BL NO: 0259645330, Importer: SAKSHI ENTERPRISES, VOY NO: 13, Vessel: NORTHERN PRIORITY, LINER: WAN HAI LINE and containers:  1 X 40, Invoice No: ALSI012529/19-20</NARRATION>
<PARTYGSTIN>27ADMFS4802M1ZL</PARTYGSTIN>
<ALLLEDGERENTRIES.LIST>
<REMOVEZEROENTRIES>No</REMOVEZEROENTRIES>
<ISDEEMEDPOSITIVE>Yes</ISDEEMEDPOSITIVE>
<LEDGERFROMITEM>No</LEDGERFROMITEM>
<LEDGERNAME>SAKSHI ENTERPRISES</LEDGERNAME>
<AMOUNT>-22066.000</AMOUNT>
<BILLALLOCATIONS.LIST>
<NAME>ALSI012529/19-20</NAME>
<BILLTYPE>New Ref</BILLTYPE>
<AMOUNT>-22066.000</AMOUNT>
</BILLALLOCATIONS.LIST>
</ALLLEDGERENTRIES.LIST>
<ALLLEDGERENTRIES.LIST>
<REMOVEZEROENTRIES>No</REMOVEZEROENTRIES>
<ISDEEMEDPOSITIVE>No</ISDEEMEDPOSITIVE>
<LEDGERFROMITEM>No</LEDGERFROMITEM>
<LEDGERNAME>Container Handling Services-Import-GST</LEDGERNAME>
<AMOUNT>11500.000</AMOUNT>
</ALLLEDGERENTRIES.LIST>
<ALLLEDGERENTRIES.LIST>
<REMOVEZEROENTRIES>No</REMOVEZEROENTRIES>
<ISDEEMEDPOSITIVE>No</ISDEEMEDPOSITIVE>
<LEDGERFROMITEM>No</LEDGERFROMITEM>
<LEDGERNAME>CGST</LEDGERNAME>
<AMOUNT>1035.0000000</AMOUNT>
</ALLLEDGERENTRIES.LIST>
<ALLLEDGERENTRIES.LIST>
<REMOVEZEROENTRIES>No</REMOVEZEROENTRIES>
<ISDEEMEDPOSITIVE>No</ISDEEMEDPOSITIVE>
<LEDGERFROMITEM>No</LEDGERFROMITEM>
<LEDGERNAME>SGST</LEDGERNAME>
<AMOUNT>1035.0000000</AMOUNT>
</ALLLEDGERENTRIES.LIST>
<ALLLEDGERENTRIES.LIST>
<REMOVEZEROENTRIES>No</REMOVEZEROENTRIES>
<ISDEEMEDPOSITIVE>No</ISDEEMEDPOSITIVE>
<LEDGERFROMITEM>No</LEDGERFROMITEM>
<LEDGERNAME>Other Storage and Warehousing Services-Import-GST</LEDGERNAME>
<AMOUNT>6100.000</AMOUNT>
</ALLLEDGERENTRIES.LIST>
<ALLLEDGERENTRIES.LIST>
<REMOVEZEROENTRIES>No</REMOVEZEROENTRIES>
<ISDEEMEDPOSITIVE>No</ISDEEMEDPOSITIVE>
<LEDGERFROMITEM>No</LEDGERFROMITEM>
<LEDGERNAME>CGST</LEDGERNAME>
<AMOUNT>549.0000000</AMOUNT>
</ALLLEDGERENTRIES.LIST>
<ALLLEDGERENTRIES.LIST>
<REMOVEZEROENTRIES>No</REMOVEZEROENTRIES>
<ISDEEMEDPOSITIVE>No</ISDEEMEDPOSITIVE>
<LEDGERFROMITEM>No</LEDGERFROMITEM>
<LEDGERNAME>SGST</LEDGERNAME>
<AMOUNT>549.0000000</AMOUNT>
</ALLLEDGERENTRIES.LIST>
<ALLLEDGERENTRIES.LIST>
<REMOVEZEROENTRIES>No</REMOVEZEROENTRIES>
<ISDEEMEDPOSITIVE>No</ISDEEMEDPOSITIVE>
<LEDGERFROMITEM>No</LEDGERFROMITEM>
<LEDGERNAME>Container Handling Services-Import-GST</LEDGERNAME>
<AMOUNT>1100.000</AMOUNT>
</ALLLEDGERENTRIES.LIST>
<ALLLEDGERENTRIES.LIST>
<REMOVEZEROENTRIES>No</REMOVEZEROENTRIES>
<ISDEEMEDPOSITIVE>No</ISDEEMEDPOSITIVE>
<LEDGERFROMITEM>No</LEDGERFROMITEM>
<LEDGERNAME>CGST</LEDGERNAME>
<AMOUNT>99.0000000</AMOUNT>
</ALLLEDGERENTRIES.LIST>
<ALLLEDGERENTRIES.LIST>
<REMOVEZEROENTRIES>No</REMOVEZEROENTRIES>
<ISDEEMEDPOSITIVE>No</ISDEEMEDPOSITIVE>
<LEDGERFROMITEM>No</LEDGERFROMITEM>
<LEDGERNAME>SGST</LEDGERNAME>
<AMOUNT>99.0000000</AMOUNT>
</ALLLEDGERENTRIES.LIST>
<ALLLEDGERENTRIES.LIST>
<REMOVEZEROENTRIES>No</REMOVEZEROENTRIES>
<ISDEEMEDPOSITIVE>No</ISDEEMEDPOSITIVE>
<LEDGERFROMITEM>No</LEDGERFROMITEM>
<LEDGERNAME>SHORT AND EXCESS</LEDGERNAME>
<AMOUNT>0.000</AMOUNT>
</ALLLEDGERENTRIES.LIST>
</VOUCHER>
<VOUCHER>
<ISOPTIONAL>No</ISOPTIONAL>
<USEFORGAINLOSS>No</USEFORGAINLOSS>
<USEFORCOMPOUND>No</USEFORCOMPOUND>
<VOUCHERTYPENAME>Sales-Import-CFSM</VOUCHERTYPENAME>
<DATE>20200109</DATE>
<EFFECTIVEDATE>20200109</EFFECTIVEDATE>
<ISCANCELLED>No</ISCANCELLED>
<USETRACKINGNUMBER>No</USETRACKINGNUMBER>
<ISPOSTDATED>No</ISPOSTDATED>
<ISINVOICE>No</ISINVOICE>
<DIFFACTUALQTY>No</DIFFACTUALQTY>
<VOUCHERNUMBER>ALSI012530/19-20</VOUCHERNUMBER>
<PARTYLEDGERNAME>K D IMPEX</PARTYLEDGERNAME>
<STATENAME>Maharashtra</STATENAME>
<NARRATION>Being amount debited towards IGM No: 2243344, BL NO: NGBCB19037284, Importer: K.D.IMPEX, VOY NO: 1908, Vessel: E R FELIXSTOWE, LINER: RCL-OffDocTHC and containers:  1 X 40, Invoice No: ALSI012530/19-20</NARRATION>
<PARTYGSTIN>27AADPP8995N1ZM</PARTYGSTIN>
<ALLLEDGERENTRIES.LIST>
<REMOVEZEROENTRIES>No</REMOVEZEROENTRIES>
<ISDEEMEDPOSITIVE>Yes</ISDEEMEDPOSITIVE>
<LEDGERFROMITEM>No</LEDGERFROMITEM>
<LEDGERNAME>K D IMPEX</LEDGERNAME>
<AMOUNT>-14868.000</AMOUNT>
<BILLALLOCATIONS.LIST>
<NAME>ALSI012530/19-20</NAME>
<BILLTYPE>New Ref</BILLTYPE>
<AMOUNT>-14868.000</AMOUNT>
</BILLALLOCATIONS.LIST>
</ALLLEDGERENTRIES.LIST>
<ALLLEDGERENTRIES.LIST>
<REMOVEZEROENTRIES>No</REMOVEZEROENTRIES>
<ISDEEMEDPOSITIVE>No</ISDEEMEDPOSITIVE>
<LEDGERFROMITEM>No</LEDGERFROMITEM>
<LEDGERNAME>Container Handling Services-Import-GST</LEDGERNAME>
<AMOUNT>11500.000</AMOUNT>
</ALLLEDGERENTRIES.LIST>
<ALLLEDGERENTRIES.LIST>
<REMOVEZEROENTRIES>No</REMOVEZEROENTRIES>
<ISDEEMEDPOSITIVE>No</ISDEEMEDPOSITIVE>
<LEDGERFROMITEM>No</LEDGERFROMITEM>
<LEDGERNAME>CGST</LEDGERNAME>
<AMOUNT>1035.0000000</AMOUNT>
</ALLLEDGERENTRIES.LIST>
<ALLLEDGERENTRIES.LIST>
<REMOVEZEROENTRIES>No</REMOVEZEROENTRIES>
<ISDEEMEDPOSITIVE>No</ISDEEMEDPOSITIVE>
<LEDGERFROMITEM>No</LEDGERFROMITEM>
<LEDGERNAME>SGST</LEDGERNAME>
<AMOUNT>1035.0000000</AMOUNT>
</ALLLEDGERENTRIES.LIST>
<ALLLEDGERENTRIES.LIST>
<REMOVEZEROENTRIES>No</REMOVEZEROENTRIES>
<ISDEEMEDPOSITIVE>No</ISDEEMEDPOSITIVE>
<LEDGERFROMITEM>No</LEDGERFROMITEM>
<LEDGERNAME>Container Handling Services-Import-GST</LEDGERNAME>
<AMOUNT>1100.000</AMOUNT>
</ALLLEDGERENTRIES.LIST>
<ALLLEDGERENTRIES.LIST>
<REMOVEZEROENTRIES>No</REMOVEZEROENTRIES>
<ISDEEMEDPOSITIVE>No</ISDEEMEDPOSITIVE>
<LEDGERFROMITEM>No</LEDGERFROMITEM>
<LEDGERNAME>CGST</LEDGERNAME>
<AMOUNT>99.0000000</AMOUNT>
</ALLLEDGERENTRIES.LIST>
<ALLLEDGERENTRIES.LIST>
<REMOVEZEROENTRIES>No</REMOVEZEROENTRIES>
<ISDEEMEDPOSITIVE>No</ISDEEMEDPOSITIVE>
<LEDGERFROMITEM>No</LEDGERFROMITEM>
<LEDGERNAME>SGST</LEDGERNAME>
<AMOUNT>99.0000000</AMOUNT>
</ALLLEDGERENTRIES.LIST>
<ALLLEDGERENTRIES.LIST>
<REMOVEZEROENTRIES>No</REMOVEZEROENTRIES>
<ISDEEMEDPOSITIVE>No</ISDEEMEDPOSITIVE>
<LEDGERFROMITEM>No</LEDGERFROMITEM>
<LEDGERNAME>SHORT AND EXCESS</LEDGERNAME>
<AMOUNT>0.000</AMOUNT>
</ALLLEDGERENTRIES.LIST>
</VOUCHER>
<VOUCHER>
<ISOPTIONAL>No</ISOPTIONAL>
<USEFORGAINLOSS>No</USEFORGAINLOSS>
<USEFORCOMPOUND>No</USEFORCOMPOUND>
<VOUCHERTYPENAME>Sales-Import-CFSM</VOUCHERTYPENAME>
<DATE>20200109</DATE>
<EFFECTIVEDATE>20200109</EFFECTIVEDATE>
<ISCANCELLED>No</ISCANCELLED>
<USETRACKINGNUMBER>No</USETRACKINGNUMBER>
<ISPOSTDATED>No</ISPOSTDATED>
<ISINVOICE>No</ISINVOICE>
<DIFFACTUALQTY>No</DIFFACTUALQTY>
<VOUCHERNUMBER>ALSI012531/19-20</VOUCHERNUMBER>
<PARTYLEDGERNAME>R K EXPORTS</PARTYLEDGERNAME>
<STATENAME>Maharashtra</STATENAME>
<NARRATION>Being amount debited towards IGM No: 2243068, BL NO: 0349538129, Importer: R.K. EXPORTS, VOY NO: 926, Vessel: WAN HAI 513, LINER: WAN HAI LINE and containers:  1 X 20, Invoice No: ALSI012531/19-20</NARRATION>
<PARTYGSTIN>27AAAFR2666M1ZU</PARTYGSTIN>
<ALLLEDGERENTRIES.LIST>
<REMOVEZEROENTRIES>No</REMOVEZEROENTRIES>
<ISDEEMEDPOSITIVE>Yes</ISDEEMEDPOSITIVE>
<LEDGERFROMITEM>No</LEDGERFROMITEM>
<LEDGERNAME>R K EXPORTS</LEDGERNAME>
<AMOUNT>-22886.000</AMOUNT>
<BILLALLOCATIONS.LIST>
<NAME>ALSI012531/19-20</NAME>
<BILLTYPE>New Ref</BILLTYPE>
<AMOUNT>-22886.000</AMOUNT>
</BILLALLOCATIONS.LIST>
</ALLLEDGERENTRIES.LIST>
<ALLLEDGERENTRIES.LIST>
<REMOVEZEROENTRIES>No</REMOVEZEROENTRIES>
<ISDEEMEDPOSITIVE>No</ISDEEMEDPOSITIVE>
<LEDGERFROMITEM>No</LEDGERFROMITEM>
<LEDGERNAME>Container Handling Services-Import-GST</LEDGERNAME>
<AMOUNT>9415.000</AMOUNT>
</ALLLEDGERENTRIES.LIST>
<ALLLEDGERENTRIES.LIST>
<REMOVEZEROENTRIES>No</REMOVEZEROENTRIES>
<ISDEEMEDPOSITIVE>No</ISDEEMEDPOSITIVE>
<LEDGERFROMITEM>No</LEDGERFROMITEM>
<LEDGERNAME>CGST</LEDGERNAME>
<AMOUNT>847.3500000</AMOUNT>
</ALLLEDGERENTRIES.LIST>
<ALLLEDGERENTRIES.LIST>
<REMOVEZEROENTRIES>No</REMOVEZEROENTRIES>
<ISDEEMEDPOSITIVE>No</ISDEEMEDPOSITIVE>
<LEDGERFROMITEM>No</LEDGERFROMITEM>
<LEDGERNAME>SGST</LEDGERNAME>
<AMOUNT>847.3500000</AMOUNT>
</ALLLEDGERENTRIES.LIST>
<ALLLEDGERENTRIES.LIST>
<REMOVEZEROENTRIES>No</REMOVEZEROENTRIES>
<ISDEEMEDPOSITIVE>No</ISDEEMEDPOSITIVE>
<LEDGERFROMITEM>No</LEDGERFROMITEM>
<LEDGERNAME>Container Handling Services-Import-GST</LEDGERNAME>
<AMOUNT>3000.000</AMOUNT>
</ALLLEDGERENTRIES.LIST>
<ALLLEDGERENTRIES.LIST>
<REMOVEZEROENTRIES>No</REMOVEZEROENTRIES>
<ISDEEMEDPOSITIVE>No</ISDEEMEDPOSITIVE>
<LEDGERFROMITEM>No</LEDGERFROMITEM>
<LEDGERNAME>CGST</LEDGERNAME>
<AMOUNT>270.0000000</AMOUNT>
</ALLLEDGERENTRIES.LIST>
<ALLLEDGERENTRIES.LIST>
<REMOVEZEROENTRIES>No</REMOVEZEROENTRIES>
<ISDEEMEDPOSITIVE>No</ISDEEMEDPOSITIVE>
<LEDGERFROMITEM>No</LEDGERFROMITEM>
<LEDGERNAME>SGST</LEDGERNAME>
<AMOUNT>270.0000000</AMOUNT>
</ALLLEDGERENTRIES.LIST>
<ALLLEDGERENTRIES.LIST>
<REMOVEZEROENTRIES>No</REMOVEZEROENTRIES>
<ISDEEMEDPOSITIVE>No</ISDEEMEDPOSITIVE>
<LEDGERFROMITEM>No</LEDGERFROMITEM>
<LEDGERNAME>Other Storage and Warehousing Services-Import-GST</LEDGERNAME>
<AMOUNT>2950.000</AMOUNT>
</ALLLEDGERENTRIES.LIST>
<ALLLEDGERENTRIES.LIST>
<REMOVEZEROENTRIES>No</REMOVEZEROENTRIES>
<ISDEEMEDPOSITIVE>No</ISDEEMEDPOSITIVE>
<LEDGERFROMITEM>No</LEDGERFROMITEM>
<LEDGERNAME>CGST</LEDGERNAME>
<AMOUNT>265.5000000</AMOUNT>
</ALLLEDGERENTRIES.LIST>
<ALLLEDGERENTRIES.LIST>
<REMOVEZEROENTRIES>No</REMOVEZEROENTRIES>
<ISDEEMEDPOSITIVE>No</ISDEEMEDPOSITIVE>
<LEDGERFROMITEM>No</LEDGERFROMITEM>
<LEDGERNAME>SGST</LEDGERNAME>
<AMOUNT>265.5000000</AMOUNT>
</ALLLEDGERENTRIES.LIST>
<ALLLEDGERENTRIES.LIST>
<REMOVEZEROENTRIES>No</REMOVEZEROENTRIES>
<ISDEEMEDPOSITIVE>No</ISDEEMEDPOSITIVE>
<LEDGERFROMITEM>No</LEDGERFROMITEM>
<LEDGERNAME>Container Handling Services-Import-GST</LEDGERNAME>
<AMOUNT>1200.000</AMOUNT>
</ALLLEDGERENTRIES.LIST>
<ALLLEDGERENTRIES.LIST>
<REMOVEZEROENTRIES>No</REMOVEZEROENTRIES>
<ISDEEMEDPOSITIVE>No</ISDEEMEDPOSITIVE>
<LEDGERFROMITEM>No</LEDGERFROMITEM>
<LEDGERNAME>CGST</LEDGERNAME>
<AMOUNT>108.0000000</AMOUNT>
</ALLLEDGERENTRIES.LIST>
<ALLLEDGERENTRIES.LIST>
<REMOVEZEROENTRIES>No</REMOVEZEROENTRIES>
<ISDEEMEDPOSITIVE>No</ISDEEMEDPOSITIVE>
<LEDGERFROMITEM>No</LEDGERFROMITEM>
<LEDGERNAME>SGST</LEDGERNAME>
<AMOUNT>108.0000000</AMOUNT>
</ALLLEDGERENTRIES.LIST>
<ALLLEDGERENTRIES.LIST>
<REMOVEZEROENTRIES>No</REMOVEZEROENTRIES>
<ISDEEMEDPOSITIVE>No</ISDEEMEDPOSITIVE>
<LEDGERFROMITEM>No</LEDGERFROMITEM>
<LEDGERNAME>Container Handling Services-Import-GST</LEDGERNAME>
<AMOUNT>50.000</AMOUNT>
</ALLLEDGERENTRIES.LIST>
<ALLLEDGERENTRIES.LIST>
<REMOVEZEROENTRIES>No</REMOVEZEROENTRIES>
<ISDEEMEDPOSITIVE>No</ISDEEMEDPOSITIVE>
<LEDGERFROMITEM>No</LEDGERFROMITEM>
<LEDGERNAME>CGST</LEDGERNAME>
<AMOUNT>4.5000000</AMOUNT>
</ALLLEDGERENTRIES.LIST>
<ALLLEDGERENTRIES.LIST>
<REMOVEZEROENTRIES>No</REMOVEZEROENTRIES>
<ISDEEMEDPOSITIVE>No</ISDEEMEDPOSITIVE>
<LEDGERFROMITEM>No</LEDGERFROMITEM>
<LEDGERNAME>SGST</LEDGERNAME>
<AMOUNT>4.5000000</AMOUNT>
</ALLLEDGERENTRIES.LIST>
<ALLLEDGERENTRIES.LIST>
<REMOVEZEROENTRIES>No</REMOVEZEROENTRIES>
<ISDEEMEDPOSITIVE>No</ISDEEMEDPOSITIVE>
<LEDGERFROMITEM>No</LEDGERFROMITEM>
<LEDGERNAME>Container Handling Services-Import-GST</LEDGERNAME>
<AMOUNT>30.000</AMOUNT>
</ALLLEDGERENTRIES.LIST>
<ALLLEDGERENTRIES.LIST>
<REMOVEZEROENTRIES>No</REMOVEZEROENTRIES>
<ISDEEMEDPOSITIVE>No</ISDEEMEDPOSITIVE>
<LEDGERFROMITEM>No</LEDGERFROMITEM>
<LEDGERNAME>CGST</LEDGERNAME>
<AMOUNT>2.7000000</AMOUNT>
</ALLLEDGERENTRIES.LIST>
<ALLLEDGERENTRIES.LIST>
<REMOVEZEROENTRIES>No</REMOVEZEROENTRIES>
<ISDEEMEDPOSITIVE>No</ISDEEMEDPOSITIVE>
<LEDGERFROMITEM>No</LEDGERFROMITEM>
<LEDGERNAME>SGST</LEDGERNAME>
<AMOUNT>2.7000000</AMOUNT>
</ALLLEDGERENTRIES.LIST>
<ALLLEDGERENTRIES.LIST>
<REMOVEZEROENTRIES>No</REMOVEZEROENTRIES>
<ISDEEMEDPOSITIVE>No</ISDEEMEDPOSITIVE>
<LEDGERFROMITEM>No</LEDGERFROMITEM>
<LEDGERNAME>Container Handling Services-Import-GST</LEDGERNAME>
<AMOUNT>400.000</AMOUNT>
</ALLLEDGERENTRIES.LIST>
<ALLLEDGERENTRIES.LIST>
<REMOVEZEROENTRIES>No</REMOVEZEROENTRIES>
<ISDEEMEDPOSITIVE>No</ISDEEMEDPOSITIVE>
<LEDGERFROMITEM>No</LEDGERFROMITEM>
<LEDGERNAME>CGST</LEDGERNAME>
<AMOUNT>36.0000000</AMOUNT>
</ALLLEDGERENTRIES.LIST>
<ALLLEDGERENTRIES.LIST>
<REMOVEZEROENTRIES>No</REMOVEZEROENTRIES>
<ISDEEMEDPOSITIVE>No</ISDEEMEDPOSITIVE>
<LEDGERFROMITEM>No</LEDGERFROMITEM>
<LEDGERNAME>SGST</LEDGERNAME>
<AMOUNT>36.0000000</AMOUNT>
</ALLLEDGERENTRIES.LIST>
<ALLLEDGERENTRIES.LIST>
<REMOVEZEROENTRIES>No</REMOVEZEROENTRIES>
<ISDEEMEDPOSITIVE>No</ISDEEMEDPOSITIVE>
<LEDGERFROMITEM>No</LEDGERFROMITEM>
<LEDGERNAME>Container Handling Services-Import-GST</LEDGERNAME>
<AMOUNT>1200.000</AMOUNT>
</ALLLEDGERENTRIES.LIST>
<ALLLEDGERENTRIES.LIST>
<REMOVEZEROENTRIES>No</REMOVEZEROENTRIES>
<ISDEEMEDPOSITIVE>No</ISDEEMEDPOSITIVE>
<LEDGERFROMITEM>No</LEDGERFROMITEM>
<LEDGERNAME>CGST</LEDGERNAME>
<AMOUNT>108.0000000</AMOUNT>
</ALLLEDGERENTRIES.LIST>
<ALLLEDGERENTRIES.LIST>
<REMOVEZEROENTRIES>No</REMOVEZEROENTRIES>
<ISDEEMEDPOSITIVE>No</ISDEEMEDPOSITIVE>
<LEDGERFROMITEM>No</LEDGERFROMITEM>
<LEDGERNAME>SGST</LEDGERNAME>
<AMOUNT>108.0000000</AMOUNT>
</ALLLEDGERENTRIES.LIST>
<ALLLEDGERENTRIES.LIST>
<REMOVEZEROENTRIES>No</REMOVEZEROENTRIES>
<ISDEEMEDPOSITIVE>No</ISDEEMEDPOSITIVE>
<LEDGERFROMITEM>No</LEDGERFROMITEM>
<LEDGERNAME>Container Handling Services-Import-GST</LEDGERNAME>
<AMOUNT>600.000</AMOUNT>
</ALLLEDGERENTRIES.LIST>
<ALLLEDGERENTRIES.LIST>
<REMOVEZEROENTRIES>No</REMOVEZEROENTRIES>
<ISDEEMEDPOSITIVE>No</ISDEEMEDPOSITIVE>
<LEDGERFROMITEM>No</LEDGERFROMITEM>
<LEDGERNAME>CGST</LEDGERNAME>
<AMOUNT>54.0000000</AMOUNT>
</ALLLEDGERENTRIES.LIST>
<ALLLEDGERENTRIES.LIST>
<REMOVEZEROENTRIES>No</REMOVEZEROENTRIES>
<ISDEEMEDPOSITIVE>No</ISDEEMEDPOSITIVE>
<LEDGERFROMITEM>No</LEDGERFROMITEM>
<LEDGERNAME>SGST</LEDGERNAME>
<AMOUNT>54.0000000</AMOUNT>
</ALLLEDGERENTRIES.LIST>
<ALLLEDGERENTRIES.LIST>
<REMOVEZEROENTRIES>No</REMOVEZEROENTRIES>
<ISDEEMEDPOSITIVE>No</ISDEEMEDPOSITIVE>
<LEDGERFROMITEM>No</LEDGERFROMITEM>
<LEDGERNAME>Container Handling Services-Import-GST</LEDGERNAME>
<AMOUNT>550.000</AMOUNT>
</ALLLEDGERENTRIES.LIST>
<ALLLEDGERENTRIES.LIST>
<REMOVEZEROENTRIES>No</REMOVEZEROENTRIES>
<ISDEEMEDPOSITIVE>No</ISDEEMEDPOSITIVE>
<LEDGERFROMITEM>No</LEDGERFROMITEM>
<LEDGERNAME>CGST</LEDGERNAME>
<AMOUNT>49.5000000</AMOUNT>
</ALLLEDGERENTRIES.LIST>
<ALLLEDGERENTRIES.LIST>
<REMOVEZEROENTRIES>No</REMOVEZEROENTRIES>
<ISDEEMEDPOSITIVE>No</ISDEEMEDPOSITIVE>
<LEDGERFROMITEM>No</LEDGERFROMITEM>
<LEDGERNAME>SGST</LEDGERNAME>
<AMOUNT>49.5000000</AMOUNT>
</ALLLEDGERENTRIES.LIST>
<ALLLEDGERENTRIES.LIST>
<REMOVEZEROENTRIES>No</REMOVEZEROENTRIES>
<ISDEEMEDPOSITIVE>No</ISDEEMEDPOSITIVE>
<LEDGERFROMITEM>No</LEDGERFROMITEM>
<LEDGERNAME>SHORT AND EXCESS</LEDGERNAME>
<AMOUNT>-0.100</AMOUNT>
</ALLLEDGERENTRIES.LIST>
</VOUCHER>
<VOUCHER>
<ISOPTIONAL>No</ISOPTIONAL>
<USEFORGAINLOSS>No</USEFORGAINLOSS>
<USEFORCOMPOUND>No</USEFORCOMPOUND>
<VOUCHERTYPENAME>Sales-Import-CFSM</VOUCHERTYPENAME>
<DATE>20200109</DATE>
<EFFECTIVEDATE>20200109</EFFECTIVEDATE>
<ISCANCELLED>No</ISCANCELLED>
<USETRACKINGNUMBER>No</USETRACKINGNUMBER>
<ISPOSTDATED>No</ISPOSTDATED>
<ISINVOICE>No</ISINVOICE>
<DIFFACTUALQTY>No</DIFFACTUALQTY>
<VOUCHERNUMBER>ALSI012532/19-20</VOUCHERNUMBER>
<PARTYLEDGERNAME>GRAND SOURCING PRIVATE LIMITED</PARTYLEDGERNAME>
<STATENAME>Delhi</STATENAME>
<NARRATION>Being amount debited towards IGM No: 2243250, BL NO: COAU7220933980, Importer: GRAND SOURCING PRIVATE LIMITED, VOY NO: 949W, Vessel: MAERSK TAURUS, LINER: Cosco(OffdocTHC) Shipping Line and containers:  1 X 40, Invoice No: ALSI012532/19-20</NARRATION>
<PARTYGSTIN>07AAECG8950C1ZN</PARTYGSTIN>
<ALLLEDGERENTRIES.LIST>
<REMOVEZEROENTRIES>No</REMOVEZEROENTRIES>
<ISDEEMEDPOSITIVE>Yes</ISDEEMEDPOSITIVE>
<LEDGERFROMITEM>No</LEDGERFROMITEM>
<LEDGERNAME>GRAND SOURCING PRIVATE LIMITED</LEDGERNAME>
<AMOUNT>-19588.000</AMOUNT>
<BILLALLOCATIONS.LIST>
<NAME>ALSI012532/19-20</NAME>
<BILLTYPE>New Ref</BILLTYPE>
<AMOUNT>-19588.000</AMOUNT>
</BILLALLOCATIONS.LIST>
</ALLLEDGERENTRIES.LIST>
<ALLLEDGERENTRIES.LIST>
<REMOVEZEROENTRIES>No</REMOVEZEROENTRIES>
<ISDEEMEDPOSITIVE>No</ISDEEMEDPOSITIVE>
<LEDGERFROMITEM>No</LEDGERFROMITEM>
<LEDGERNAME>Container Handling Services-Import-GST</LEDGERNAME>
<AMOUNT>13500.000</AMOUNT>
</ALLLEDGERENTRIES.LIST>
<ALLLEDGERENTRIES.LIST>
<REMOVEZEROENTRIES>No</REMOVEZEROENTRIES>
<ISDEEMEDPOSITIVE>No</ISDEEMEDPOSITIVE>
<LEDGERFROMITEM>No</LEDGERFROMITEM>
<LEDGERNAME>IGST</LEDGERNAME>
<AMOUNT>2430.0000000</AMOUNT>
</ALLLEDGERENTRIES.LIST>
<ALLLEDGERENTRIES.LIST>
<REMOVEZEROENTRIES>No</REMOVEZEROENTRIES>
<ISDEEMEDPOSITIVE>No</ISDEEMEDPOSITIVE>
<LEDGERFROMITEM>No</LEDGERFROMITEM>
<LEDGERNAME>Container Handling Services-Import-GST</LEDGERNAME>
<AMOUNT>2000.000</AMOUNT>
</ALLLEDGERENTRIES.LIST>
<ALLLEDGERENTRIES.LIST>
<REMOVEZEROENTRIES>No</REMOVEZEROENTRIES>
<ISDEEMEDPOSITIVE>No</ISDEEMEDPOSITIVE>
<LEDGERFROMITEM>No</LEDGERFROMITEM>
<LEDGERNAME>IGST</LEDGERNAME>
<AMOUNT>360.0000000</AMOUNT>
</ALLLEDGERENTRIES.LIST>
<ALLLEDGERENTRIES.LIST>
<REMOVEZEROENTRIES>No</REMOVEZEROENTRIES>
<ISDEEMEDPOSITIVE>No</ISDEEMEDPOSITIVE>
<LEDGERFROMITEM>No</LEDGERFROMITEM>
<LEDGERNAME>Container Handling Services-Import-GST</LEDGERNAME>
<AMOUNT>1100.000</AMOUNT>
</ALLLEDGERENTRIES.LIST>
<ALLLEDGERENTRIES.LIST>
<REMOVEZEROENTRIES>No</REMOVEZEROENTRIES>
<ISDEEMEDPOSITIVE>No</ISDEEMEDPOSITIVE>
<LEDGERFROMITEM>No</LEDGERFROMITEM>
<LEDGERNAME>IGST</LEDGERNAME>
<AMOUNT>198.0000000</AMOUNT>
</ALLLEDGERENTRIES.LIST>
<ALLLEDGERENTRIES.LIST>
<REMOVEZEROENTRIES>No</REMOVEZEROENTRIES>
<ISDEEMEDPOSITIVE>No</ISDEEMEDPOSITIVE>
<LEDGERFROMITEM>No</LEDGERFROMITEM>
<LEDGERNAME>SHORT AND EXCESS</LEDGERNAME>
<AMOUNT>0.000</AMOUNT>
</ALLLEDGERENTRIES.LIST>
</VOUCHER>
<VOUCHER>
<ISOPTIONAL>No</ISOPTIONAL>
<USEFORGAINLOSS>No</USEFORGAINLOSS>
<USEFORCOMPOUND>No</USEFORCOMPOUND>
<VOUCHERTYPENAME>Sales-Import-CFSM</VOUCHERTYPENAME>
<DATE>20200109</DATE>
<EFFECTIVEDATE>20200109</EFFECTIVEDATE>
<ISCANCELLED>No</ISCANCELLED>
<USETRACKINGNUMBER>No</USETRACKINGNUMBER>
<ISPOSTDATED>No</ISPOSTDATED>
<ISINVOICE>No</ISINVOICE>
<DIFFACTUALQTY>No</DIFFACTUALQTY>
<VOUCHERNUMBER>ALSI012533/19-20</VOUCHERNUMBER>
<PARTYLEDGERNAME>B PANKAJKUMAR AND CO</PARTYLEDGERNAME>
<STATENAME>Maharashtra</STATENAME>
<NARRATION>Being amount debited towards IGM No: 2243332, BL NO: TXGNSA1900739, Importer: B.PANKAJKUMAR AND CO.108,ESQUARE BL, VOY NO: 888, Vessel: BLANDINE, LINER: PERMA OFFDOCTHC-PERMA CONTAINER LINE INDIA PVT LTD and containers:  1 X 20, Invoice No: ALSI012533/19-20</NARRATION>
<PARTYGSTIN>27AABPB7510P1ZP</PARTYGSTIN>
<ALLLEDGERENTRIES.LIST>
<REMOVEZEROENTRIES>No</REMOVEZEROENTRIES>
<ISDEEMEDPOSITIVE>Yes</ISDEEMEDPOSITIVE>
<LEDGERFROMITEM>No</LEDGERFROMITEM>
<LEDGERNAME>B PANKAJKUMAR AND CO</LEDGERNAME>
<AMOUNT>-7729.000</AMOUNT>
<BILLALLOCATIONS.LIST>
<NAME>ALSI012533/19-20</NAME>
<BILLTYPE>New Ref</BILLTYPE>
<AMOUNT>-7729.000</AMOUNT>
</BILLALLOCATIONS.LIST>
</ALLLEDGERENTRIES.LIST>
<ALLLEDGERENTRIES.LIST>
<REMOVEZEROENTRIES>No</REMOVEZEROENTRIES>
<ISDEEMEDPOSITIVE>No</ISDEEMEDPOSITIVE>
<LEDGERFROMITEM>No</LEDGERFROMITEM>
<LEDGERNAME>Container Handling Services-Import-GST</LEDGERNAME>
<AMOUNT>4500.000</AMOUNT>
</ALLLEDGERENTRIES.LIST>
<ALLLEDGERENTRIES.LIST>
<REMOVEZEROENTRIES>No</REMOVEZEROENTRIES>
<ISDEEMEDPOSITIVE>No</ISDEEMEDPOSITIVE>
<LEDGERFROMITEM>No</LEDGERFROMITEM>
<LEDGERNAME>CGST</LEDGERNAME>
<AMOUNT>405.0000000</AMOUNT>
</ALLLEDGERENTRIES.LIST>
<ALLLEDGERENTRIES.LIST>
<REMOVEZEROENTRIES>No</REMOVEZEROENTRIES>
<ISDEEMEDPOSITIVE>No</ISDEEMEDPOSITIVE>
<LEDGERFROMITEM>No</LEDGERFROMITEM>
<LEDGERNAME>SGST</LEDGERNAME>
<AMOUNT>405.0000000</AMOUNT>
</ALLLEDGERENTRIES.LIST>
<ALLLEDGERENTRIES.LIST>
<REMOVEZEROENTRIES>No</REMOVEZEROENTRIES>
<ISDEEMEDPOSITIVE>No</ISDEEMEDPOSITIVE>
<LEDGERFROMITEM>No</LEDGERFROMITEM>
<LEDGERNAME>Container Handling Services-Import-GST</LEDGERNAME>
<AMOUNT>1500.000</AMOUNT>
</ALLLEDGERENTRIES.LIST>
<ALLLEDGERENTRIES.LIST>
<REMOVEZEROENTRIES>No</REMOVEZEROENTRIES>
<ISDEEMEDPOSITIVE>No</ISDEEMEDPOSITIVE>
<LEDGERFROMITEM>No</LEDGERFROMITEM>
<LEDGERNAME>CGST</LEDGERNAME>
<AMOUNT>135.0000000</AMOUNT>
</ALLLEDGERENTRIES.LIST>
<ALLLEDGERENTRIES.LIST>
<REMOVEZEROENTRIES>No</REMOVEZEROENTRIES>
<ISDEEMEDPOSITIVE>No</ISDEEMEDPOSITIVE>
<LEDGERFROMITEM>No</LEDGERFROMITEM>
<LEDGERNAME>SGST</LEDGERNAME>
<AMOUNT>135.0000000</AMOUNT>
</ALLLEDGERENTRIES.LIST>
<ALLLEDGERENTRIES.LIST>
<REMOVEZEROENTRIES>No</REMOVEZEROENTRIES>
<ISDEEMEDPOSITIVE>No</ISDEEMEDPOSITIVE>
<LEDGERFROMITEM>No</LEDGERFROMITEM>
<LEDGERNAME>Container Handling Services-Import-GST</LEDGERNAME>
<AMOUNT>550.000</AMOUNT>
</ALLLEDGERENTRIES.LIST>
<ALLLEDGERENTRIES.LIST>
<REMOVEZEROENTRIES>No</REMOVEZEROENTRIES>
<ISDEEMEDPOSITIVE>No</ISDEEMEDPOSITIVE>
<LEDGERFROMITEM>No</LEDGERFROMITEM>
<LEDGERNAME>CGST</LEDGERNAME>
<AMOUNT>49.5000000</AMOUNT>
</ALLLEDGERENTRIES.LIST>
<ALLLEDGERENTRIES.LIST>
<REMOVEZEROENTRIES>No</REMOVEZEROENTRIES>
<ISDEEMEDPOSITIVE>No</ISDEEMEDPOSITIVE>
<LEDGERFROMITEM>No</LEDGERFROMITEM>
<LEDGERNAME>SGST</LEDGERNAME>
<AMOUNT>49.5000000</AMOUNT>
</ALLLEDGERENTRIES.LIST>
<ALLLEDGERENTRIES.LIST>
<REMOVEZEROENTRIES>No</REMOVEZEROENTRIES>
<ISDEEMEDPOSITIVE>No</ISDEEMEDPOSITIVE>
<LEDGERFROMITEM>No</LEDGERFROMITEM>
<LEDGERNAME>SHORT AND EXCESS</LEDGERNAME>
<AMOUNT>0.000</AMOUNT>
</ALLLEDGERENTRIES.LIST>
</VOUCHER>
<VOUCHER>
<ISOPTIONAL>No</ISOPTIONAL>
<USEFORGAINLOSS>No</USEFORGAINLOSS>
<USEFORCOMPOUND>No</USEFORCOMPOUND>
<VOUCHERTYPENAME>Sales-Import-CFSM</VOUCHERTYPENAME>
<DATE>20200109</DATE>
<EFFECTIVEDATE>20200109</EFFECTIVEDATE>
<ISCANCELLED>No</ISCANCELLED>
<USETRACKINGNUMBER>No</USETRACKINGNUMBER>
<ISPOSTDATED>No</ISPOSTDATED>
<ISINVOICE>No</ISINVOICE>
<DIFFACTUALQTY>No</DIFFACTUALQTY>
<VOUCHERNUMBER>ALSI012534/19-20</VOUCHERNUMBER>
<PARTYLEDGERNAME>B I MEHTA PETROCHEM LLP</PARTYLEDGERNAME>
<STATENAME>Maharashtra</STATENAME>
<NARRATION>Being amount debited towards IGM No: 2243344, BL NO: SHACB19040610, Importer: B I MEHTA PETROCHEM LLP, VOY NO: 1908, Vessel: E R FELIXSTOWE, LINER: RCL-OffDocTHC and containers:  2 X 20, Invoice No: ALSI012534/19-20</NARRATION>
<PARTYGSTIN>27ABEFM8137B1ZE</PARTYGSTIN>
<ALLLEDGERENTRIES.LIST>
<REMOVEZEROENTRIES>No</REMOVEZEROENTRIES>
<ISDEEMEDPOSITIVE>Yes</ISDEEMEDPOSITIVE>
<LEDGERFROMITEM>No</LEDGERFROMITEM>
<LEDGERNAME>B I MEHTA PETROCHEM LLP</LEDGERNAME>
<AMOUNT>-23718.000</AMOUNT>
<BILLALLOCATIONS.LIST>
<NAME>ALSI012534/19-20</NAME>
<BILLTYPE>New Ref</BILLTYPE>
<AMOUNT>-23718.000</AMOUNT>
</BILLALLOCATIONS.LIST>
</ALLLEDGERENTRIES.LIST>
<ALLLEDGERENTRIES.LIST>
<REMOVEZEROENTRIES>No</REMOVEZEROENTRIES>
<ISDEEMEDPOSITIVE>No</ISDEEMEDPOSITIVE>
<LEDGERFROMITEM>No</LEDGERFROMITEM>
<LEDGERNAME>Container Handling Services-Import-GST</LEDGERNAME>
<AMOUNT>15000.000</AMOUNT>
</ALLLEDGERENTRIES.LIST>
<ALLLEDGERENTRIES.LIST>
<REMOVEZEROENTRIES>No</REMOVEZEROENTRIES>
<ISDEEMEDPOSITIVE>No</ISDEEMEDPOSITIVE>
<LEDGERFROMITEM>No</LEDGERFROMITEM>
<LEDGERNAME>CGST</LEDGERNAME>
<AMOUNT>1350.0000000</AMOUNT>
</ALLLEDGERENTRIES.LIST>
<ALLLEDGERENTRIES.LIST>
<REMOVEZEROENTRIES>No</REMOVEZEROENTRIES>
<ISDEEMEDPOSITIVE>No</ISDEEMEDPOSITIVE>
<LEDGERFROMITEM>No</LEDGERFROMITEM>
<LEDGERNAME>SGST</LEDGERNAME>
<AMOUNT>1350.0000000</AMOUNT>
</ALLLEDGERENTRIES.LIST>
<ALLLEDGERENTRIES.LIST>
<REMOVEZEROENTRIES>No</REMOVEZEROENTRIES>
<ISDEEMEDPOSITIVE>No</ISDEEMEDPOSITIVE>
<LEDGERFROMITEM>No</LEDGERFROMITEM>
<LEDGERNAME>Container Handling Services-Import-GST</LEDGERNAME>
<AMOUNT>4000.000</AMOUNT>
</ALLLEDGERENTRIES.LIST>
<ALLLEDGERENTRIES.LIST>
<REMOVEZEROENTRIES>No</REMOVEZEROENTRIES>
<ISDEEMEDPOSITIVE>No</ISDEEMEDPOSITIVE>
<LEDGERFROMITEM>No</LEDGERFROMITEM>
<LEDGERNAME>CGST</LEDGERNAME>
<AMOUNT>360.0000000</AMOUNT>
</ALLLEDGERENTRIES.LIST>
<ALLLEDGERENTRIES.LIST>
<REMOVEZEROENTRIES>No</REMOVEZEROENTRIES>
<ISDEEMEDPOSITIVE>No</ISDEEMEDPOSITIVE>
<LEDGERFROMITEM>No</LEDGERFROMITEM>
<LEDGERNAME>SGST</LEDGERNAME>
<AMOUNT>360.0000000</AMOUNT>
</ALLLEDGERENTRIES.LIST>
<ALLLEDGERENTRIES.LIST>
<REMOVEZEROENTRIES>No</REMOVEZEROENTRIES>
<ISDEEMEDPOSITIVE>No</ISDEEMEDPOSITIVE>
<LEDGERFROMITEM>No</LEDGERFROMITEM>
<LEDGERNAME>Container Handling Services-Import-GST</LEDGERNAME>
<AMOUNT>1100.000</AMOUNT>
</ALLLEDGERENTRIES.LIST>
<ALLLEDGERENTRIES.LIST>
<REMOVEZEROENTRIES>No</REMOVEZEROENTRIES>
<ISDEEMEDPOSITIVE>No</ISDEEMEDPOSITIVE>
<LEDGERFROMITEM>No</LEDGERFROMITEM>
<LEDGERNAME>CGST</LEDGERNAME>
<AMOUNT>99.0000000</AMOUNT>
</ALLLEDGERENTRIES.LIST>
<ALLLEDGERENTRIES.LIST>
<REMOVEZEROENTRIES>No</REMOVEZEROENTRIES>
<ISDEEMEDPOSITIVE>No</ISDEEMEDPOSITIVE>
<LEDGERFROMITEM>No</LEDGERFROMITEM>
<LEDGERNAME>SGST</LEDGERNAME>
<AMOUNT>99.0000000</AMOUNT>
</ALLLEDGERENTRIES.LIST>
<ALLLEDGERENTRIES.LIST>
<REMOVEZEROENTRIES>No</REMOVEZEROENTRIES>
<ISDEEMEDPOSITIVE>No</ISDEEMEDPOSITIVE>
<LEDGERFROMITEM>No</LEDGERFROMITEM>
<LEDGERNAME>SHORT AND EXCESS</LEDGERNAME>
<AMOUNT>0.000</AMOUNT>
</ALLLEDGERENTRIES.LIST>
</VOUCHER>
<VOUCHER>
<ISOPTIONAL>No</ISOPTIONAL>
<USEFORGAINLOSS>No</USEFORGAINLOSS>
<USEFORCOMPOUND>No</USEFORCOMPOUND>
<VOUCHERTYPENAME>Sales-Import-CFSM</VOUCHERTYPENAME>
<DATE>20200109</DATE>
<EFFECTIVEDATE>20200109</EFFECTIVEDATE>
<ISCANCELLED>No</ISCANCELLED>
<USETRACKINGNUMBER>No</USETRACKINGNUMBER>
<ISPOSTDATED>No</ISPOSTDATED>
<ISINVOICE>No</ISINVOICE>
<DIFFACTUALQTY>No</DIFFACTUALQTY>
<VOUCHERNUMBER>ALSI012535/19-20</VOUCHERNUMBER>
<PARTYLEDGERNAME>CLEARFAST AIR CARGO AGENCIES PRIVATE LIMITED</PARTYLEDGERNAME>
<STATENAME>Maharashtra</STATENAME>
<NARRATION>Being amount debited towards IGM No: 2243250, BL NO: SHSE19120053A, Importer: SEVEN STARS WEDDING GALLERY PRIVATE LIMITED, VOY NO: 949W, Vessel: MAERSK TAURUS, LINER: MAERSK INDIA PVT LTD and containers:  1 X 40, Invoice No: ALSI012535/19-20</NARRATION>
<PARTYGSTIN>27AAACC7987K1Z1</PARTYGSTIN>
<ALLLEDGERENTRIES.LIST>
<REMOVEZEROENTRIES>No</REMOVEZEROENTRIES>
<ISDEEMEDPOSITIVE>Yes</ISDEEMEDPOSITIVE>
<LEDGERFROMITEM>No</LEDGERFROMITEM>
<LEDGERNAME>CLEARFAST AIR CARGO AGENCIES PRIVATE LIMITED</LEDGERNAME>
<AMOUNT>-35407.000</AMOUNT>
<BILLALLOCATIONS.LIST>
<NAME>ALSI012535/19-20</NAME>
<BILLTYPE>New Ref</BILLTYPE>
<AMOUNT>-35407.000</AMOUNT>
</BILLALLOCATIONS.LIST>
</ALLLEDGERENTRIES.LIST>
<ALLLEDGERENTRIES.LIST>
<REMOVEZEROENTRIES>No</REMOVEZEROENTRIES>
<ISDEEMEDPOSITIVE>No</ISDEEMEDPOSITIVE>
<LEDGERFROMITEM>No</LEDGERFROMITEM>
<LEDGERNAME>Container Handling Services-Import-GST</LEDGERNAME>
<AMOUNT>20500.000</AMOUNT>
</ALLLEDGERENTRIES.LIST>
<ALLLEDGERENTRIES.LIST>
<REMOVEZEROENTRIES>No</REMOVEZEROENTRIES>
<ISDEEMEDPOSITIVE>No</ISDEEMEDPOSITIVE>
<LEDGERFROMITEM>No</LEDGERFROMITEM>
<LEDGERNAME>CGST</LEDGERNAME>
<AMOUNT>1845.0000000</AMOUNT>
</ALLLEDGERENTRIES.LIST>
<ALLLEDGERENTRIES.LIST>
<REMOVEZEROENTRIES>No</REMOVEZEROENTRIES>
<ISDEEMEDPOSITIVE>No</ISDEEMEDPOSITIVE>
<LEDGERFROMITEM>No</LEDGERFROMITEM>
<LEDGERNAME>SGST</LEDGERNAME>
<AMOUNT>1845.0000000</AMOUNT>
</ALLLEDGERENTRIES.LIST>
<ALLLEDGERENTRIES.LIST>
<REMOVEZEROENTRIES>No</REMOVEZEROENTRIES>
<ISDEEMEDPOSITIVE>No</ISDEEMEDPOSITIVE>
<LEDGERFROMITEM>No</LEDGERFROMITEM>
<LEDGERNAME>Container Handling Services-Import-GST</LEDGERNAME>
<AMOUNT>2000.000</AMOUNT>
</ALLLEDGERENTRIES.LIST>
<ALLLEDGERENTRIES.LIST>
<REMOVEZEROENTRIES>No</REMOVEZEROENTRIES>
<ISDEEMEDPOSITIVE>No</ISDEEMEDPOSITIVE>
<LEDGERFROMITEM>No</LEDGERFROMITEM>
<LEDGERNAME>CGST</LEDGERNAME>
<AMOUNT>180.0000000</AMOUNT>
</ALLLEDGERENTRIES.LIST>
<ALLLEDGERENTRIES.LIST>
<REMOVEZEROENTRIES>No</REMOVEZEROENTRIES>
<ISDEEMEDPOSITIVE>No</ISDEEMEDPOSITIVE>
<LEDGERFROMITEM>No</LEDGERFROMITEM>
<LEDGERNAME>SGST</LEDGERNAME>
<AMOUNT>180.0000000</AMOUNT>
</ALLLEDGERENTRIES.LIST>
<ALLLEDGERENTRIES.LIST>
<REMOVEZEROENTRIES>No</REMOVEZEROENTRIES>
<ISDEEMEDPOSITIVE>No</ISDEEMEDPOSITIVE>
<LEDGERFROMITEM>No</LEDGERFROMITEM>
<LEDGERNAME>Container Handling Services-Import-GST</LEDGERNAME>
<AMOUNT>405.540</AMOUNT>
</ALLLEDGERENTRIES.LIST>
<ALLLEDGERENTRIES.LIST>
<REMOVEZEROENTRIES>No</REMOVEZEROENTRIES>
<ISDEEMEDPOSITIVE>No</ISDEEMEDPOSITIVE>
<LEDGERFROMITEM>No</LEDGERFROMITEM>
<LEDGERNAME>CGST</LEDGERNAME>
<AMOUNT>36.5000000</AMOUNT>
</ALLLEDGERENTRIES.LIST>
<ALLLEDGERENTRIES.LIST>
<REMOVEZEROENTRIES>No</REMOVEZEROENTRIES>
<ISDEEMEDPOSITIVE>No</ISDEEMEDPOSITIVE>
<LEDGERFROMITEM>No</LEDGERFROMITEM>
<LEDGERNAME>SGST</LEDGERNAME>
<AMOUNT>36.5000000</AMOUNT>
</ALLLEDGERENTRIES.LIST>
<ALLLEDGERENTRIES.LIST>
<REMOVEZEROENTRIES>No</REMOVEZEROENTRIES>
<ISDEEMEDPOSITIVE>No</ISDEEMEDPOSITIVE>
<LEDGERFROMITEM>No</LEDGERFROMITEM>
<LEDGERNAME>Container Handling Services-Import-GST</LEDGERNAME>
<AMOUNT>6000.000</AMOUNT>
</ALLLEDGERENTRIES.LIST>
<ALLLEDGERENTRIES.LIST>
<REMOVEZEROENTRIES>No</REMOVEZEROENTRIES>
<ISDEEMEDPOSITIVE>No</ISDEEMEDPOSITIVE>
<LEDGERFROMITEM>No</LEDGERFROMITEM>
<LEDGERNAME>CGST</LEDGERNAME>
<AMOUNT>540.0000000</AMOUNT>
</ALLLEDGERENTRIES.LIST>
<ALLLEDGERENTRIES.LIST>
<REMOVEZEROENTRIES>No</REMOVEZEROENTRIES>
<ISDEEMEDPOSITIVE>No</ISDEEMEDPOSITIVE>
<LEDGERFROMITEM>No</LEDGERFROMITEM>
<LEDGERNAME>SGST</LEDGERNAME>
<AMOUNT>540.0000000</AMOUNT>
</ALLLEDGERENTRIES.LIST>
<ALLLEDGERENTRIES.LIST>
<REMOVEZEROENTRIES>No</REMOVEZEROENTRIES>
<ISDEEMEDPOSITIVE>No</ISDEEMEDPOSITIVE>
<LEDGERFROMITEM>No</LEDGERFROMITEM>
<LEDGERNAME>Container Handling Services-Import-GST</LEDGERNAME>
<AMOUNT>1100.000</AMOUNT>
</ALLLEDGERENTRIES.LIST>
<ALLLEDGERENTRIES.LIST>
<REMOVEZEROENTRIES>No</REMOVEZEROENTRIES>
<ISDEEMEDPOSITIVE>No</ISDEEMEDPOSITIVE>
<LEDGERFROMITEM>No</LEDGERFROMITEM>
<LEDGERNAME>CGST</LEDGERNAME>
<AMOUNT>99.0000000</AMOUNT>
</ALLLEDGERENTRIES.LIST>
<ALLLEDGERENTRIES.LIST>
<REMOVEZEROENTRIES>No</REMOVEZEROENTRIES>
<ISDEEMEDPOSITIVE>No</ISDEEMEDPOSITIVE>
<LEDGERFROMITEM>No</LEDGERFROMITEM>
<LEDGERNAME>SGST</LEDGERNAME>
<AMOUNT>99.0000000</AMOUNT>
</ALLLEDGERENTRIES.LIST>
<ALLLEDGERENTRIES.LIST>
<REMOVEZEROENTRIES>No</REMOVEZEROENTRIES>
<ISDEEMEDPOSITIVE>No</ISDEEMEDPOSITIVE>
<LEDGERFROMITEM>No</LEDGERFROMITEM>
<LEDGERNAME>SHORT AND EXCESS</LEDGERNAME>
<AMOUNT>0.460</AMOUNT>
</ALLLEDGERENTRIES.LIST>
</VOUCHER>
<VOUCHER>
<ISOPTIONAL>No</ISOPTIONAL>
<USEFORGAINLOSS>No</USEFORGAINLOSS>
<USEFORCOMPOUND>No</USEFORCOMPOUND>
<VOUCHERTYPENAME>Sales-Import-CFSM</VOUCHERTYPENAME>
<DATE>20200109</DATE>
<EFFECTIVEDATE>20200109</EFFECTIVEDATE>
<ISCANCELLED>No</ISCANCELLED>
<USETRACKINGNUMBER>No</USETRACKINGNUMBER>
<ISPOSTDATED>No</ISPOSTDATED>
<ISINVOICE>No</ISINVOICE>
<DIFFACTUALQTY>No</DIFFACTUALQTY>
<VOUCHERNUMBER>ALSI012536/19-20</VOUCHERNUMBER>
<PARTYLEDGERNAME>MOVEMAX SYSTEM LOGISTICS PVT. LTD.</PARTYLEDGERNAME>
<STATENAME>Maharashtra</STATENAME>
<NARRATION>Being amount debited towards IGM No: 2242843, BL NO: HAHS19121987, Importer: OHSUNG ELECTRONICS INDIA PVT LTD, VOY NO: 926, Vessel: CHARLOTTE SCHULTE, LINER: Cosco(OffdocTHC) Shipping Line and containers:  1 X 20, Invoice No: ALSI012536/19-20</NARRATION>
<PARTYGSTIN>27AAFCM8380B1ZG</PARTYGSTIN>
<ALLLEDGERENTRIES.LIST>
<REMOVEZEROENTRIES>No</REMOVEZEROENTRIES>
<ISDEEMEDPOSITIVE>Yes</ISDEEMEDPOSITIVE>
<LEDGERFROMITEM>No</LEDGERFROMITEM>
<LEDGERNAME>MOVEMAX SYSTEM LOGISTICS PVT. LTD.</LEDGERNAME>
<AMOUNT>-17517.000</AMOUNT>
<BILLALLOCATIONS.LIST>
<NAME>ALSI012536/19-20</NAME>
<BILLTYPE>New Ref</BILLTYPE>
<AMOUNT>-17517.000</AMOUNT>
</BILLALLOCATIONS.LIST>
</ALLLEDGERENTRIES.LIST>
<ALLLEDGERENTRIES.LIST>
<REMOVEZEROENTRIES>No</REMOVEZEROENTRIES>
<ISDEEMEDPOSITIVE>No</ISDEEMEDPOSITIVE>
<LEDGERFROMITEM>No</LEDGERFROMITEM>
<LEDGERNAME>Container Handling Services-Import-GST</LEDGERNAME>
<AMOUNT>6865.000</AMOUNT>
</ALLLEDGERENTRIES.LIST>
<ALLLEDGERENTRIES.LIST>
<REMOVEZEROENTRIES>No</REMOVEZEROENTRIES>
<ISDEEMEDPOSITIVE>No</ISDEEMEDPOSITIVE>
<LEDGERFROMITEM>No</LEDGERFROMITEM>
<LEDGERNAME>CGST</LEDGERNAME>
<AMOUNT>617.8500000</AMOUNT>
</ALLLEDGERENTRIES.LIST>
<ALLLEDGERENTRIES.LIST>
<REMOVEZEROENTRIES>No</REMOVEZEROENTRIES>
<ISDEEMEDPOSITIVE>No</ISDEEMEDPOSITIVE>
<LEDGERFROMITEM>No</LEDGERFROMITEM>
<LEDGERNAME>SGST</LEDGERNAME>
<AMOUNT>617.8500000</AMOUNT>
</ALLLEDGERENTRIES.LIST>
<ALLLEDGERENTRIES.LIST>
<REMOVEZEROENTRIES>No</REMOVEZEROENTRIES>
<ISDEEMEDPOSITIVE>No</ISDEEMEDPOSITIVE>
<LEDGERFROMITEM>No</LEDGERFROMITEM>
<LEDGERNAME>Container Handling Services-Import-GST</LEDGERNAME>
<AMOUNT>1000.000</AMOUNT>
</ALLLEDGERENTRIES.LIST>
<ALLLEDGERENTRIES.LIST>
<REMOVEZEROENTRIES>No</REMOVEZEROENTRIES>
<ISDEEMEDPOSITIVE>No</ISDEEMEDPOSITIVE>
<LEDGERFROMITEM>No</LEDGERFROMITEM>
<LEDGERNAME>CGST</LEDGERNAME>
<AMOUNT>90.0000000</AMOUNT>
</ALLLEDGERENTRIES.LIST>
<ALLLEDGERENTRIES.LIST>
<REMOVEZEROENTRIES>No</REMOVEZEROENTRIES>
<ISDEEMEDPOSITIVE>No</ISDEEMEDPOSITIVE>
<LEDGERFROMITEM>No</LEDGERFROMITEM>
<LEDGERNAME>SGST</LEDGERNAME>
<AMOUNT>90.0000000</AMOUNT>
</ALLLEDGERENTRIES.LIST>
<ALLLEDGERENTRIES.LIST>
<REMOVEZEROENTRIES>No</REMOVEZEROENTRIES>
<ISDEEMEDPOSITIVE>No</ISDEEMEDPOSITIVE>
<LEDGERFROMITEM>No</LEDGERFROMITEM>
<LEDGERNAME>Other Storage and Warehousing Services-Import-GST</LEDGERNAME>
<AMOUNT>2950.000</AMOUNT>
</ALLLEDGERENTRIES.LIST>
<ALLLEDGERENTRIES.LIST>
<REMOVEZEROENTRIES>No</REMOVEZEROENTRIES>
<ISDEEMEDPOSITIVE>No</ISDEEMEDPOSITIVE>
<LEDGERFROMITEM>No</LEDGERFROMITEM>
<LEDGERNAME>CGST</LEDGERNAME>
<AMOUNT>265.5000000</AMOUNT>
</ALLLEDGERENTRIES.LIST>
<ALLLEDGERENTRIES.LIST>
<REMOVEZEROENTRIES>No</REMOVEZEROENTRIES>
<ISDEEMEDPOSITIVE>No</ISDEEMEDPOSITIVE>
<LEDGERFROMITEM>No</LEDGERFROMITEM>
<LEDGERNAME>SGST</LEDGERNAME>
<AMOUNT>265.5000000</AMOUNT>
</ALLLEDGERENTRIES.LIST>
<ALLLEDGERENTRIES.LIST>
<REMOVEZEROENTRIES>No</REMOVEZEROENTRIES>
<ISDEEMEDPOSITIVE>No</ISDEEMEDPOSITIVE>
<LEDGERFROMITEM>No</LEDGERFROMITEM>
<LEDGERNAME>Container Handling Services-Import-GST</LEDGERNAME>
<AMOUNT>1200.000</AMOUNT>
</ALLLEDGERENTRIES.LIST>
<ALLLEDGERENTRIES.LIST>
<REMOVEZEROENTRIES>No</REMOVEZEROENTRIES>
<ISDEEMEDPOSITIVE>No</ISDEEMEDPOSITIVE>
<LEDGERFROMITEM>No</LEDGERFROMITEM>
<LEDGERNAME>CGST</LEDGERNAME>
<AMOUNT>108.0000000</AMOUNT>
</ALLLEDGERENTRIES.LIST>
<ALLLEDGERENTRIES.LIST>
<REMOVEZEROENTRIES>No</REMOVEZEROENTRIES>
<ISDEEMEDPOSITIVE>No</ISDEEMEDPOSITIVE>
<LEDGERFROMITEM>No</LEDGERFROMITEM>
<LEDGERNAME>SGST</LEDGERNAME>
<AMOUNT>108.0000000</AMOUNT>
</ALLLEDGERENTRIES.LIST>
<ALLLEDGERENTRIES.LIST>
<REMOVEZEROENTRIES>No</REMOVEZEROENTRIES>
<ISDEEMEDPOSITIVE>No</ISDEEMEDPOSITIVE>
<LEDGERFROMITEM>No</LEDGERFROMITEM>
<LEDGERNAME>Container Handling Services-Import-GST</LEDGERNAME>
<AMOUNT>50.000</AMOUNT>
</ALLLEDGERENTRIES.LIST>
<ALLLEDGERENTRIES.LIST>
<REMOVEZEROENTRIES>No</REMOVEZEROENTRIES>
<ISDEEMEDPOSITIVE>No</ISDEEMEDPOSITIVE>
<LEDGERFROMITEM>No</LEDGERFROMITEM>
<LEDGERNAME>CGST</LEDGERNAME>
<AMOUNT>4.5000000</AMOUNT>
</ALLLEDGERENTRIES.LIST>
<ALLLEDGERENTRIES.LIST>
<REMOVEZEROENTRIES>No</REMOVEZEROENTRIES>
<ISDEEMEDPOSITIVE>No</ISDEEMEDPOSITIVE>
<LEDGERFROMITEM>No</LEDGERFROMITEM>
<LEDGERNAME>SGST</LEDGERNAME>
<AMOUNT>4.5000000</AMOUNT>
</ALLLEDGERENTRIES.LIST>
<ALLLEDGERENTRIES.LIST>
<REMOVEZEROENTRIES>No</REMOVEZEROENTRIES>
<ISDEEMEDPOSITIVE>No</ISDEEMEDPOSITIVE>
<LEDGERFROMITEM>No</LEDGERFROMITEM>
<LEDGERNAME>Container Handling Services-Import-GST</LEDGERNAME>
<AMOUNT>30.000</AMOUNT>
</ALLLEDGERENTRIES.LIST>
<ALLLEDGERENTRIES.LIST>
<REMOVEZEROENTRIES>No</REMOVEZEROENTRIES>
<ISDEEMEDPOSITIVE>No</ISDEEMEDPOSITIVE>
<LEDGERFROMITEM>No</LEDGERFROMITEM>
<LEDGERNAME>CGST</LEDGERNAME>
<AMOUNT>2.7000000</AMOUNT>
</ALLLEDGERENTRIES.LIST>
<ALLLEDGERENTRIES.LIST>
<REMOVEZEROENTRIES>No</REMOVEZEROENTRIES>
<ISDEEMEDPOSITIVE>No</ISDEEMEDPOSITIVE>
<LEDGERFROMITEM>No</LEDGERFROMITEM>
<LEDGERNAME>SGST</LEDGERNAME>
<AMOUNT>2.7000000</AMOUNT>
</ALLLEDGERENTRIES.LIST>
<ALLLEDGERENTRIES.LIST>
<REMOVEZEROENTRIES>No</REMOVEZEROENTRIES>
<ISDEEMEDPOSITIVE>No</ISDEEMEDPOSITIVE>
<LEDGERFROMITEM>No</LEDGERFROMITEM>
<LEDGERNAME>Container Handling Services-Import-GST</LEDGERNAME>
<AMOUNT>400.000</AMOUNT>
</ALLLEDGERENTRIES.LIST>
<ALLLEDGERENTRIES.LIST>
<REMOVEZEROENTRIES>No</REMOVEZEROENTRIES>
<ISDEEMEDPOSITIVE>No</ISDEEMEDPOSITIVE>
<LEDGERFROMITEM>No</LEDGERFROMITEM>
<LEDGERNAME>CGST</LEDGERNAME>
<AMOUNT>36.0000000</AMOUNT>
</ALLLEDGERENTRIES.LIST>
<ALLLEDGERENTRIES.LIST>
<REMOVEZEROENTRIES>No</REMOVEZEROENTRIES>
<ISDEEMEDPOSITIVE>No</ISDEEMEDPOSITIVE>
<LEDGERFROMITEM>No</LEDGERFROMITEM>
<LEDGERNAME>SGST</LEDGERNAME>
<AMOUNT>36.0000000</AMOUNT>
</ALLLEDGERENTRIES.LIST>
<ALLLEDGERENTRIES.LIST>
<REMOVEZEROENTRIES>No</REMOVEZEROENTRIES>
<ISDEEMEDPOSITIVE>No</ISDEEMEDPOSITIVE>
<LEDGERFROMITEM>No</LEDGERFROMITEM>
<LEDGERNAME>Container Handling Services-Import-GST</LEDGERNAME>
<AMOUNT>1200.000</AMOUNT>
</ALLLEDGERENTRIES.LIST>
<ALLLEDGERENTRIES.LIST>
<REMOVEZEROENTRIES>No</REMOVEZEROENTRIES>
<ISDEEMEDPOSITIVE>No</ISDEEMEDPOSITIVE>
<LEDGERFROMITEM>No</LEDGERFROMITEM>
<LEDGERNAME>CGST</LEDGERNAME>
<AMOUNT>108.0000000</AMOUNT>
</ALLLEDGERENTRIES.LIST>
<ALLLEDGERENTRIES.LIST>
<REMOVEZEROENTRIES>No</REMOVEZEROENTRIES>
<ISDEEMEDPOSITIVE>No</ISDEEMEDPOSITIVE>
<LEDGERFROMITEM>No</LEDGERFROMITEM>
<LEDGERNAME>SGST</LEDGERNAME>
<AMOUNT>108.0000000</AMOUNT>
</ALLLEDGERENTRIES.LIST>
<ALLLEDGERENTRIES.LIST>
<REMOVEZEROENTRIES>No</REMOVEZEROENTRIES>
<ISDEEMEDPOSITIVE>No</ISDEEMEDPOSITIVE>
<LEDGERFROMITEM>No</LEDGERFROMITEM>
<LEDGERNAME>Container Handling Services-Import-GST</LEDGERNAME>
<AMOUNT>600.000</AMOUNT>
</ALLLEDGERENTRIES.LIST>
<ALLLEDGERENTRIES.LIST>
<REMOVEZEROENTRIES>No</REMOVEZEROENTRIES>
<ISDEEMEDPOSITIVE>No</ISDEEMEDPOSITIVE>
<LEDGERFROMITEM>No</LEDGERFROMITEM>
<LEDGERNAME>CGST</LEDGERNAME>
<AMOUNT>54.0000000</AMOUNT>
</ALLLEDGERENTRIES.LIST>
<ALLLEDGERENTRIES.LIST>
<REMOVEZEROENTRIES>No</REMOVEZEROENTRIES>
<ISDEEMEDPOSITIVE>No</ISDEEMEDPOSITIVE>
<LEDGERFROMITEM>No</LEDGERFROMITEM>
<LEDGERNAME>SGST</LEDGERNAME>
<AMOUNT>54.0000000</AMOUNT>
</ALLLEDGERENTRIES.LIST>
<ALLLEDGERENTRIES.LIST>
<REMOVEZEROENTRIES>No</REMOVEZEROENTRIES>
<ISDEEMEDPOSITIVE>No</ISDEEMEDPOSITIVE>
<LEDGERFROMITEM>No</LEDGERFROMITEM>
<LEDGERNAME>Container Handling Services-Import-GST</LEDGERNAME>
<AMOUNT>550.000</AMOUNT>
</ALLLEDGERENTRIES.LIST>
<ALLLEDGERENTRIES.LIST>
<REMOVEZEROENTRIES>No</REMOVEZEROENTRIES>
<ISDEEMEDPOSITIVE>No</ISDEEMEDPOSITIVE>
<LEDGERFROMITEM>No</LEDGERFROMITEM>
<LEDGERNAME>CGST</LEDGERNAME>
<AMOUNT>49.5000000</AMOUNT>
</ALLLEDGERENTRIES.LIST>
<ALLLEDGERENTRIES.LIST>
<REMOVEZEROENTRIES>No</REMOVEZEROENTRIES>
<ISDEEMEDPOSITIVE>No</ISDEEMEDPOSITIVE>
<LEDGERFROMITEM>No</LEDGERFROMITEM>
<LEDGERNAME>SGST</LEDGERNAME>
<AMOUNT>49.5000000</AMOUNT>
</ALLLEDGERENTRIES.LIST>
<ALLLEDGERENTRIES.LIST>
<REMOVEZEROENTRIES>No</REMOVEZEROENTRIES>
<ISDEEMEDPOSITIVE>No</ISDEEMEDPOSITIVE>
<LEDGERFROMITEM>No</LEDGERFROMITEM>
<LEDGERNAME>SHORT AND EXCESS</LEDGERNAME>
<AMOUNT>-0.100</AMOUNT>
</ALLLEDGERENTRIES.LIST>
</VOUCHER>
<VOUCHER>
<ISOPTIONAL>No</ISOPTIONAL>
<USEFORGAINLOSS>No</USEFORGAINLOSS>
<USEFORCOMPOUND>No</USEFORCOMPOUND>
<VOUCHERTYPENAME>Sales-Import-CFSM</VOUCHERTYPENAME>
<DATE>20200109</DATE>
<EFFECTIVEDATE>20200109</EFFECTIVEDATE>
<ISCANCELLED>No</ISCANCELLED>
<USETRACKINGNUMBER>No</USETRACKINGNUMBER>
<ISPOSTDATED>No</ISPOSTDATED>
<ISINVOICE>No</ISINVOICE>
<DIFFACTUALQTY>No</DIFFACTUALQTY>
<VOUCHERNUMBER>ALSI012537/19-20</VOUCHERNUMBER>
<PARTYLEDGERNAME>MAXINOX STEEL INDIA</PARTYLEDGERNAME>
<STATENAME>Maharashtra</STATENAME>
<NARRATION>Being amount debited towards IGM No: 2243433, BL NO: 1429507778, Importer: MAXINOX STEEL INDIA, VOY NO: 057, Vessel: WAN HAI 503, LINER: WAN HAI LINE and containers:  1 X 20, Invoice No: ALSI012537/19-20</NARRATION>
<PARTYGSTIN>27AAJHK6526L1ZR</PARTYGSTIN>
<ALLLEDGERENTRIES.LIST>
<REMOVEZEROENTRIES>No</REMOVEZEROENTRIES>
<ISDEEMEDPOSITIVE>Yes</ISDEEMEDPOSITIVE>
<LEDGERFROMITEM>No</LEDGERFROMITEM>
<LEDGERNAME>MAXINOX STEEL INDIA</LEDGERNAME>
<AMOUNT>-17759.000</AMOUNT>
<BILLALLOCATIONS.LIST>
<NAME>ALSI012537/19-20</NAME>
<BILLTYPE>New Ref</BILLTYPE>
<AMOUNT>-17759.000</AMOUNT>
</BILLALLOCATIONS.LIST>
</ALLLEDGERENTRIES.LIST>
<ALLLEDGERENTRIES.LIST>
<REMOVEZEROENTRIES>No</REMOVEZEROENTRIES>
<ISDEEMEDPOSITIVE>No</ISDEEMEDPOSITIVE>
<LEDGERFROMITEM>No</LEDGERFROMITEM>
<LEDGERNAME>Container Handling Services-Import-GST</LEDGERNAME>
<AMOUNT>6000.000</AMOUNT>
</ALLLEDGERENTRIES.LIST>
<ALLLEDGERENTRIES.LIST>
<REMOVEZEROENTRIES>No</REMOVEZEROENTRIES>
<ISDEEMEDPOSITIVE>No</ISDEEMEDPOSITIVE>
<LEDGERFROMITEM>No</LEDGERFROMITEM>
<LEDGERNAME>CGST</LEDGERNAME>
<AMOUNT>540.0000000</AMOUNT>
</ALLLEDGERENTRIES.LIST>
<ALLLEDGERENTRIES.LIST>
<REMOVEZEROENTRIES>No</REMOVEZEROENTRIES>
<ISDEEMEDPOSITIVE>No</ISDEEMEDPOSITIVE>
<LEDGERFROMITEM>No</LEDGERFROMITEM>
<LEDGERNAME>SGST</LEDGERNAME>
<AMOUNT>540.0000000</AMOUNT>
</ALLLEDGERENTRIES.LIST>
<ALLLEDGERENTRIES.LIST>
<REMOVEZEROENTRIES>No</REMOVEZEROENTRIES>
<ISDEEMEDPOSITIVE>No</ISDEEMEDPOSITIVE>
<LEDGERFROMITEM>No</LEDGERFROMITEM>
<LEDGERNAME>Container Handling Services-Import-GST</LEDGERNAME>
<AMOUNT>1000.000</AMOUNT>
</ALLLEDGERENTRIES.LIST>
<ALLLEDGERENTRIES.LIST>
<REMOVEZEROENTRIES>No</REMOVEZEROENTRIES>
<ISDEEMEDPOSITIVE>No</ISDEEMEDPOSITIVE>
<LEDGERFROMITEM>No</LEDGERFROMITEM>
<LEDGERNAME>CGST</LEDGERNAME>
<AMOUNT>90.0000000</AMOUNT>
</ALLLEDGERENTRIES.LIST>
<ALLLEDGERENTRIES.LIST>
<REMOVEZEROENTRIES>No</REMOVEZEROENTRIES>
<ISDEEMEDPOSITIVE>No</ISDEEMEDPOSITIVE>
<LEDGERFROMITEM>No</LEDGERFROMITEM>
<LEDGERNAME>SGST</LEDGERNAME>
<AMOUNT>90.0000000</AMOUNT>
</ALLLEDGERENTRIES.LIST>
<ALLLEDGERENTRIES.LIST>
<REMOVEZEROENTRIES>No</REMOVEZEROENTRIES>
<ISDEEMEDPOSITIVE>No</ISDEEMEDPOSITIVE>
<LEDGERFROMITEM>No</LEDGERFROMITEM>
<LEDGERNAME>Container Handling Services-Import-GST</LEDGERNAME>
<AMOUNT>3000.000</AMOUNT>
</ALLLEDGERENTRIES.LIST>
<ALLLEDGERENTRIES.LIST>
<REMOVEZEROENTRIES>No</REMOVEZEROENTRIES>
<ISDEEMEDPOSITIVE>No</ISDEEMEDPOSITIVE>
<LEDGERFROMITEM>No</LEDGERFROMITEM>
<LEDGERNAME>CGST</LEDGERNAME>
<AMOUNT>270.0000000</AMOUNT>
</ALLLEDGERENTRIES.LIST>
<ALLLEDGERENTRIES.LIST>
<REMOVEZEROENTRIES>No</REMOVEZEROENTRIES>
<ISDEEMEDPOSITIVE>No</ISDEEMEDPOSITIVE>
<LEDGERFROMITEM>No</LEDGERFROMITEM>
<LEDGERNAME>SGST</LEDGERNAME>
<AMOUNT>270.0000000</AMOUNT>
</ALLLEDGERENTRIES.LIST>
<ALLLEDGERENTRIES.LIST>
<REMOVEZEROENTRIES>No</REMOVEZEROENTRIES>
<ISDEEMEDPOSITIVE>No</ISDEEMEDPOSITIVE>
<LEDGERFROMITEM>No</LEDGERFROMITEM>
<LEDGERNAME>Container Handling Services-Import-GST</LEDGERNAME>
<AMOUNT>4500.000</AMOUNT>
</ALLLEDGERENTRIES.LIST>
<ALLLEDGERENTRIES.LIST>
<REMOVEZEROENTRIES>No</REMOVEZEROENTRIES>
<ISDEEMEDPOSITIVE>No</ISDEEMEDPOSITIVE>
<LEDGERFROMITEM>No</LEDGERFROMITEM>
<LEDGERNAME>CGST</LEDGERNAME>
<AMOUNT>405.0000000</AMOUNT>
</ALLLEDGERENTRIES.LIST>
<ALLLEDGERENTRIES.LIST>
<REMOVEZEROENTRIES>No</REMOVEZEROENTRIES>
<ISDEEMEDPOSITIVE>No</ISDEEMEDPOSITIVE>
<LEDGERFROMITEM>No</LEDGERFROMITEM>
<LEDGERNAME>SGST</LEDGERNAME>
<AMOUNT>405.0000000</AMOUNT>
</ALLLEDGERENTRIES.LIST>
<ALLLEDGERENTRIES.LIST>
<REMOVEZEROENTRIES>No</REMOVEZEROENTRIES>
<ISDEEMEDPOSITIVE>No</ISDEEMEDPOSITIVE>
<LEDGERFROMITEM>No</LEDGERFROMITEM>
<LEDGERNAME>Container Handling Services-Import-GST</LEDGERNAME>
<AMOUNT>550.000</AMOUNT>
</ALLLEDGERENTRIES.LIST>
<ALLLEDGERENTRIES.LIST>
<REMOVEZEROENTRIES>No</REMOVEZEROENTRIES>
<ISDEEMEDPOSITIVE>No</ISDEEMEDPOSITIVE>
<LEDGERFROMITEM>No</LEDGERFROMITEM>
<LEDGERNAME>CGST</LEDGERNAME>
<AMOUNT>49.5000000</AMOUNT>
</ALLLEDGERENTRIES.LIST>
<ALLLEDGERENTRIES.LIST>
<REMOVEZEROENTRIES>No</REMOVEZEROENTRIES>
<ISDEEMEDPOSITIVE>No</ISDEEMEDPOSITIVE>
<LEDGERFROMITEM>No</LEDGERFROMITEM>
<LEDGERNAME>SGST</LEDGERNAME>
<AMOUNT>49.5000000</AMOUNT>
</ALLLEDGERENTRIES.LIST>
<ALLLEDGERENTRIES.LIST>
<REMOVEZEROENTRIES>No</REMOVEZEROENTRIES>
<ISDEEMEDPOSITIVE>No</ISDEEMEDPOSITIVE>
<LEDGERFROMITEM>No</LEDGERFROMITEM>
<LEDGERNAME>SHORT AND EXCESS</LEDGERNAME>
<AMOUNT>0.000</AMOUNT>
</ALLLEDGERENTRIES.LIST>
</VOUCHER>
<VOUCHER>
<ISOPTIONAL>No</ISOPTIONAL>
<USEFORGAINLOSS>No</USEFORGAINLOSS>
<USEFORCOMPOUND>No</USEFORCOMPOUND>
<VOUCHERTYPENAME>Sales-Import-CFSM</VOUCHERTYPENAME>
<DATE>20200109</DATE>
<EFFECTIVEDATE>20200109</EFFECTIVEDATE>
<ISCANCELLED>No</ISCANCELLED>
<USETRACKINGNUMBER>No</USETRACKINGNUMBER>
<ISPOSTDATED>No</ISPOSTDATED>
<ISINVOICE>No</ISINVOICE>
<DIFFACTUALQTY>No</DIFFACTUALQTY>
<VOUCHERNUMBER>ALSI012538/19-20</VOUCHERNUMBER>
<PARTYLEDGERNAME>UNICHEM LABORATORIES LTD</PARTYLEDGERNAME>
<STATENAME>Maharashtra</STATENAME>
<NARRATION>Being amount debited towards IGM No: 2243068, BL NO: 0279696220, Importer: UNICHEM LABORATORIES LIMITED, VOY NO: 926, Vessel: WAN HAI 513, LINER: WAN HAI LINE and containers:  1 X 20, Invoice No: ALSI012538/19-20</NARRATION>
<PARTYGSTIN>27AAACU0551B1ZW</PARTYGSTIN>
<ALLLEDGERENTRIES.LIST>
<REMOVEZEROENTRIES>No</REMOVEZEROENTRIES>
<ISDEEMEDPOSITIVE>Yes</ISDEEMEDPOSITIVE>
<LEDGERFROMITEM>No</LEDGERFROMITEM>
<LEDGERNAME>UNICHEM LABORATORIES LTD</LEDGERNAME>
<AMOUNT>-18638.000</AMOUNT>
<BILLALLOCATIONS.LIST>
<NAME>ALSI012538/19-20</NAME>
<BILLTYPE>New Ref</BILLTYPE>
<AMOUNT>-18638.000</AMOUNT>
</BILLALLOCATIONS.LIST>
</ALLLEDGERENTRIES.LIST>
<ALLLEDGERENTRIES.LIST>
<REMOVEZEROENTRIES>No</REMOVEZEROENTRIES>
<ISDEEMEDPOSITIVE>No</ISDEEMEDPOSITIVE>
<LEDGERFROMITEM>No</LEDGERFROMITEM>
<LEDGERNAME>Container Handling Services-Import-GST</LEDGERNAME>
<AMOUNT>7365.000</AMOUNT>
</ALLLEDGERENTRIES.LIST>
<ALLLEDGERENTRIES.LIST>
<REMOVEZEROENTRIES>No</REMOVEZEROENTRIES>
<ISDEEMEDPOSITIVE>No</ISDEEMEDPOSITIVE>
<LEDGERFROMITEM>No</LEDGERFROMITEM>
<LEDGERNAME>CGST</LEDGERNAME>
<AMOUNT>662.8500000</AMOUNT>
</ALLLEDGERENTRIES.LIST>
<ALLLEDGERENTRIES.LIST>
<REMOVEZEROENTRIES>No</REMOVEZEROENTRIES>
<ISDEEMEDPOSITIVE>No</ISDEEMEDPOSITIVE>
<LEDGERFROMITEM>No</LEDGERFROMITEM>
<LEDGERNAME>SGST</LEDGERNAME>
<AMOUNT>662.8500000</AMOUNT>
</ALLLEDGERENTRIES.LIST>
<ALLLEDGERENTRIES.LIST>
<REMOVEZEROENTRIES>No</REMOVEZEROENTRIES>
<ISDEEMEDPOSITIVE>No</ISDEEMEDPOSITIVE>
<LEDGERFROMITEM>No</LEDGERFROMITEM>
<LEDGERNAME>Other Storage and Warehousing Services-Import-GST</LEDGERNAME>
<AMOUNT>4400.000</AMOUNT>
</ALLLEDGERENTRIES.LIST>
<ALLLEDGERENTRIES.LIST>
<REMOVEZEROENTRIES>No</REMOVEZEROENTRIES>
<ISDEEMEDPOSITIVE>No</ISDEEMEDPOSITIVE>
<LEDGERFROMITEM>No</LEDGERFROMITEM>
<LEDGERNAME>CGST</LEDGERNAME>
<AMOUNT>396.0000000</AMOUNT>
</ALLLEDGERENTRIES.LIST>
<ALLLEDGERENTRIES.LIST>
<REMOVEZEROENTRIES>No</REMOVEZEROENTRIES>
<ISDEEMEDPOSITIVE>No</ISDEEMEDPOSITIVE>
<LEDGERFROMITEM>No</LEDGERFROMITEM>
<LEDGERNAME>SGST</LEDGERNAME>
<AMOUNT>396.0000000</AMOUNT>
</ALLLEDGERENTRIES.LIST>
<ALLLEDGERENTRIES.LIST>
<REMOVEZEROENTRIES>No</REMOVEZEROENTRIES>
<ISDEEMEDPOSITIVE>No</ISDEEMEDPOSITIVE>
<LEDGERFROMITEM>No</LEDGERFROMITEM>
<LEDGERNAME>Container Handling Services-Import-GST</LEDGERNAME>
<AMOUNT>1200.000</AMOUNT>
</ALLLEDGERENTRIES.LIST>
<ALLLEDGERENTRIES.LIST>
<REMOVEZEROENTRIES>No</REMOVEZEROENTRIES>
<ISDEEMEDPOSITIVE>No</ISDEEMEDPOSITIVE>
<LEDGERFROMITEM>No</LEDGERFROMITEM>
<LEDGERNAME>CGST</LEDGERNAME>
<AMOUNT>108.0000000</AMOUNT>
</ALLLEDGERENTRIES.LIST>
<ALLLEDGERENTRIES.LIST>
<REMOVEZEROENTRIES>No</REMOVEZEROENTRIES>
<ISDEEMEDPOSITIVE>No</ISDEEMEDPOSITIVE>
<LEDGERFROMITEM>No</LEDGERFROMITEM>
<LEDGERNAME>SGST</LEDGERNAME>
<AMOUNT>108.0000000</AMOUNT>
</ALLLEDGERENTRIES.LIST>
<ALLLEDGERENTRIES.LIST>
<REMOVEZEROENTRIES>No</REMOVEZEROENTRIES>
<ISDEEMEDPOSITIVE>No</ISDEEMEDPOSITIVE>
<LEDGERFROMITEM>No</LEDGERFROMITEM>
<LEDGERNAME>Container Handling Services-Import-GST</LEDGERNAME>
<AMOUNT>50.000</AMOUNT>
</ALLLEDGERENTRIES.LIST>
<ALLLEDGERENTRIES.LIST>
<REMOVEZEROENTRIES>No</REMOVEZEROENTRIES>
<ISDEEMEDPOSITIVE>No</ISDEEMEDPOSITIVE>
<LEDGERFROMITEM>No</LEDGERFROMITEM>
<LEDGERNAME>CGST</LEDGERNAME>
<AMOUNT>4.5000000</AMOUNT>
</ALLLEDGERENTRIES.LIST>
<ALLLEDGERENTRIES.LIST>
<REMOVEZEROENTRIES>No</REMOVEZEROENTRIES>
<ISDEEMEDPOSITIVE>No</ISDEEMEDPOSITIVE>
<LEDGERFROMITEM>No</LEDGERFROMITEM>
<LEDGERNAME>SGST</LEDGERNAME>
<AMOUNT>4.5000000</AMOUNT>
</ALLLEDGERENTRIES.LIST>
<ALLLEDGERENTRIES.LIST>
<REMOVEZEROENTRIES>No</REMOVEZEROENTRIES>
<ISDEEMEDPOSITIVE>No</ISDEEMEDPOSITIVE>
<LEDGERFROMITEM>No</LEDGERFROMITEM>
<LEDGERNAME>Container Handling Services-Import-GST</LEDGERNAME>
<AMOUNT>30.000</AMOUNT>
</ALLLEDGERENTRIES.LIST>
<ALLLEDGERENTRIES.LIST>
<REMOVEZEROENTRIES>No</REMOVEZEROENTRIES>
<ISDEEMEDPOSITIVE>No</ISDEEMEDPOSITIVE>
<LEDGERFROMITEM>No</LEDGERFROMITEM>
<LEDGERNAME>CGST</LEDGERNAME>
<AMOUNT>2.7000000</AMOUNT>
</ALLLEDGERENTRIES.LIST>
<ALLLEDGERENTRIES.LIST>
<REMOVEZEROENTRIES>No</REMOVEZEROENTRIES>
<ISDEEMEDPOSITIVE>No</ISDEEMEDPOSITIVE>
<LEDGERFROMITEM>No</LEDGERFROMITEM>
<LEDGERNAME>SGST</LEDGERNAME>
<AMOUNT>2.7000000</AMOUNT>
</ALLLEDGERENTRIES.LIST>
<ALLLEDGERENTRIES.LIST>
<REMOVEZEROENTRIES>No</REMOVEZEROENTRIES>
<ISDEEMEDPOSITIVE>No</ISDEEMEDPOSITIVE>
<LEDGERFROMITEM>No</LEDGERFROMITEM>
<LEDGERNAME>Container Handling Services-Import-GST</LEDGERNAME>
<AMOUNT>400.000</AMOUNT>
</ALLLEDGERENTRIES.LIST>
<ALLLEDGERENTRIES.LIST>
<REMOVEZEROENTRIES>No</REMOVEZEROENTRIES>
<ISDEEMEDPOSITIVE>No</ISDEEMEDPOSITIVE>
<LEDGERFROMITEM>No</LEDGERFROMITEM>
<LEDGERNAME>CGST</LEDGERNAME>
<AMOUNT>36.0000000</AMOUNT>
</ALLLEDGERENTRIES.LIST>
<ALLLEDGERENTRIES.LIST>
<REMOVEZEROENTRIES>No</REMOVEZEROENTRIES>
<ISDEEMEDPOSITIVE>No</ISDEEMEDPOSITIVE>
<LEDGERFROMITEM>No</LEDGERFROMITEM>
<LEDGERNAME>SGST</LEDGERNAME>
<AMOUNT>36.0000000</AMOUNT>
</ALLLEDGERENTRIES.LIST>
<ALLLEDGERENTRIES.LIST>
<REMOVEZEROENTRIES>No</REMOVEZEROENTRIES>
<ISDEEMEDPOSITIVE>No</ISDEEMEDPOSITIVE>
<LEDGERFROMITEM>No</LEDGERFROMITEM>
<LEDGERNAME>Container Handling Services-Import-GST</LEDGERNAME>
<AMOUNT>1200.000</AMOUNT>
</ALLLEDGERENTRIES.LIST>
<ALLLEDGERENTRIES.LIST>
<REMOVEZEROENTRIES>No</REMOVEZEROENTRIES>
<ISDEEMEDPOSITIVE>No</ISDEEMEDPOSITIVE>
<LEDGERFROMITEM>No</LEDGERFROMITEM>
<LEDGERNAME>CGST</LEDGERNAME>
<AMOUNT>108.0000000</AMOUNT>
</ALLLEDGERENTRIES.LIST>
<ALLLEDGERENTRIES.LIST>
<REMOVEZEROENTRIES>No</REMOVEZEROENTRIES>
<ISDEEMEDPOSITIVE>No</ISDEEMEDPOSITIVE>
<LEDGERFROMITEM>No</LEDGERFROMITEM>
<LEDGERNAME>SGST</LEDGERNAME>
<AMOUNT>108.0000000</AMOUNT>
</ALLLEDGERENTRIES.LIST>
<ALLLEDGERENTRIES.LIST>
<REMOVEZEROENTRIES>No</REMOVEZEROENTRIES>
<ISDEEMEDPOSITIVE>No</ISDEEMEDPOSITIVE>
<LEDGERFROMITEM>No</LEDGERFROMITEM>
<LEDGERNAME>Container Handling Services-Import-GST</LEDGERNAME>
<AMOUNT>600.000</AMOUNT>
</ALLLEDGERENTRIES.LIST>
<ALLLEDGERENTRIES.LIST>
<REMOVEZEROENTRIES>No</REMOVEZEROENTRIES>
<ISDEEMEDPOSITIVE>No</ISDEEMEDPOSITIVE>
<LEDGERFROMITEM>No</LEDGERFROMITEM>
<LEDGERNAME>CGST</LEDGERNAME>
<AMOUNT>54.0000000</AMOUNT>
</ALLLEDGERENTRIES.LIST>
<ALLLEDGERENTRIES.LIST>
<REMOVEZEROENTRIES>No</REMOVEZEROENTRIES>
<ISDEEMEDPOSITIVE>No</ISDEEMEDPOSITIVE>
<LEDGERFROMITEM>No</LEDGERFROMITEM>
<LEDGERNAME>SGST</LEDGERNAME>
<AMOUNT>54.0000000</AMOUNT>
</ALLLEDGERENTRIES.LIST>
<ALLLEDGERENTRIES.LIST>
<REMOVEZEROENTRIES>No</REMOVEZEROENTRIES>
<ISDEEMEDPOSITIVE>No</ISDEEMEDPOSITIVE>
<LEDGERFROMITEM>No</LEDGERFROMITEM>
<LEDGERNAME>Container Handling Services-Import-GST</LEDGERNAME>
<AMOUNT>550.000</AMOUNT>
</ALLLEDGERENTRIES.LIST>
<ALLLEDGERENTRIES.LIST>
<REMOVEZEROENTRIES>No</REMOVEZEROENTRIES>
<ISDEEMEDPOSITIVE>No</ISDEEMEDPOSITIVE>
<LEDGERFROMITEM>No</LEDGERFROMITEM>
<LEDGERNAME>CGST</LEDGERNAME>
<AMOUNT>49.5000000</AMOUNT>
</ALLLEDGERENTRIES.LIST>
<ALLLEDGERENTRIES.LIST>
<REMOVEZEROENTRIES>No</REMOVEZEROENTRIES>
<ISDEEMEDPOSITIVE>No</ISDEEMEDPOSITIVE>
<LEDGERFROMITEM>No</LEDGERFROMITEM>
<LEDGERNAME>SGST</LEDGERNAME>
<AMOUNT>49.5000000</AMOUNT>
</ALLLEDGERENTRIES.LIST>
<ALLLEDGERENTRIES.LIST>
<REMOVEZEROENTRIES>No</REMOVEZEROENTRIES>
<ISDEEMEDPOSITIVE>No</ISDEEMEDPOSITIVE>
<LEDGERFROMITEM>No</LEDGERFROMITEM>
<LEDGERNAME>SHORT AND EXCESS</LEDGERNAME>
<AMOUNT>-0.100</AMOUNT>
</ALLLEDGERENTRIES.LIST>
</VOUCHER>
<VOUCHER>
<ISOPTIONAL>No</ISOPTIONAL>
<USEFORGAINLOSS>No</USEFORGAINLOSS>
<USEFORCOMPOUND>No</USEFORCOMPOUND>
<VOUCHERTYPENAME>Sales-Import-CFSM</VOUCHERTYPENAME>
<DATE>20200109</DATE>
<EFFECTIVEDATE>20200109</EFFECTIVEDATE>
<ISCANCELLED>No</ISCANCELLED>
<USETRACKINGNUMBER>No</USETRACKINGNUMBER>
<ISPOSTDATED>No</ISPOSTDATED>
<ISINVOICE>No</ISINVOICE>
<DIFFACTUALQTY>No</DIFFACTUALQTY>
<VOUCHERNUMBER>ALSI012539/19-20</VOUCHERNUMBER>
<PARTYLEDGERNAME>RAJ PETRO SPECIALITIES PRIVATE LIMITED</PARTYLEDGERNAME>
<STATENAME>Dadra and Nagar Haveli</STATENAME>
<NARRATION>Being amount debited towards IGM No: 2243090, BL NO: MLCFUS000912A, Importer: RAJ PETRO SPECIALITIES PVT. LTD., VOY NO: 102, Vessel: NYK ARGUS, LINER: Hapag OffDocTHC-Hapag LLoyd India Pvt. Ltd. and containers:  8 X 20, Invoice No: ALSI012539/19-20</NARRATION>
<PARTYGSTIN>26AACCS4923P1ZX</PARTYGSTIN>
<ALLLEDGERENTRIES.LIST>
<REMOVEZEROENTRIES>No</REMOVEZEROENTRIES>
<ISDEEMEDPOSITIVE>Yes</ISDEEMEDPOSITIVE>
<LEDGERFROMITEM>No</LEDGERFROMITEM>
<LEDGERNAME>RAJ PETRO SPECIALITIES PRIVATE LIMITED</LEDGERNAME>
<AMOUNT>-105492.000</AMOUNT>
<BILLALLOCATIONS.LIST>
<NAME>ALSI012539/19-20</NAME>
<BILLTYPE>New Ref</BILLTYPE>
<AMOUNT>-105492.000</AMOUNT>
</BILLALLOCATIONS.LIST>
</ALLLEDGERENTRIES.LIST>
<ALLLEDGERENTRIES.LIST>
<REMOVEZEROENTRIES>No</REMOVEZEROENTRIES>
<ISDEEMEDPOSITIVE>No</ISDEEMEDPOSITIVE>
<LEDGERFROMITEM>No</LEDGERFROMITEM>
<LEDGERNAME>Container Handling Services-Import-GST</LEDGERNAME>
<AMOUNT>52000.000</AMOUNT>
</ALLLEDGERENTRIES.LIST>
<ALLLEDGERENTRIES.LIST>
<REMOVEZEROENTRIES>No</REMOVEZEROENTRIES>
<ISDEEMEDPOSITIVE>No</ISDEEMEDPOSITIVE>
<LEDGERFROMITEM>No</LEDGERFROMITEM>
<LEDGERNAME>IGST</LEDGERNAME>
<AMOUNT>9360.0000000</AMOUNT>
</ALLLEDGERENTRIES.LIST>
<ALLLEDGERENTRIES.LIST>
<REMOVEZEROENTRIES>No</REMOVEZEROENTRIES>
<ISDEEMEDPOSITIVE>No</ISDEEMEDPOSITIVE>
<LEDGERFROMITEM>No</LEDGERFROMITEM>
<LEDGERNAME>Container Handling Services-Import-GST</LEDGERNAME>
<AMOUNT>3000.000</AMOUNT>
</ALLLEDGERENTRIES.LIST>
<ALLLEDGERENTRIES.LIST>
<REMOVEZEROENTRIES>No</REMOVEZEROENTRIES>
<ISDEEMEDPOSITIVE>No</ISDEEMEDPOSITIVE>
<LEDGERFROMITEM>No</LEDGERFROMITEM>
<LEDGERNAME>IGST</LEDGERNAME>
<AMOUNT>540.0000000</AMOUNT>
</ALLLEDGERENTRIES.LIST>
<ALLLEDGERENTRIES.LIST>
<REMOVEZEROENTRIES>No</REMOVEZEROENTRIES>
<ISDEEMEDPOSITIVE>No</ISDEEMEDPOSITIVE>
<LEDGERFROMITEM>No</LEDGERFROMITEM>
<LEDGERNAME>Other Storage and Warehousing Services-Import-GST</LEDGERNAME>
<AMOUNT>22000.000</AMOUNT>
</ALLLEDGERENTRIES.LIST>
<ALLLEDGERENTRIES.LIST>
<REMOVEZEROENTRIES>No</REMOVEZEROENTRIES>
<ISDEEMEDPOSITIVE>No</ISDEEMEDPOSITIVE>
<LEDGERFROMITEM>No</LEDGERFROMITEM>
<LEDGERNAME>IGST</LEDGERNAME>
<AMOUNT>3960.0000000</AMOUNT>
</ALLLEDGERENTRIES.LIST>
<ALLLEDGERENTRIES.LIST>
<REMOVEZEROENTRIES>No</REMOVEZEROENTRIES>
<ISDEEMEDPOSITIVE>No</ISDEEMEDPOSITIVE>
<LEDGERFROMITEM>No</LEDGERFROMITEM>
<LEDGERNAME>Container Handling Services-Import-GST</LEDGERNAME>
<AMOUNT>8000.000</AMOUNT>
</ALLLEDGERENTRIES.LIST>
<ALLLEDGERENTRIES.LIST>
<REMOVEZEROENTRIES>No</REMOVEZEROENTRIES>
<ISDEEMEDPOSITIVE>No</ISDEEMEDPOSITIVE>
<LEDGERFROMITEM>No</LEDGERFROMITEM>
<LEDGERNAME>IGST</LEDGERNAME>
<AMOUNT>1440.0000000</AMOUNT>
</ALLLEDGERENTRIES.LIST>
<ALLLEDGERENTRIES.LIST>
<REMOVEZEROENTRIES>No</REMOVEZEROENTRIES>
<ISDEEMEDPOSITIVE>No</ISDEEMEDPOSITIVE>
<LEDGERFROMITEM>No</LEDGERFROMITEM>
<LEDGERNAME>Container Handling Services-Import-GST</LEDGERNAME>
<AMOUNT>4400.000</AMOUNT>
</ALLLEDGERENTRIES.LIST>
<ALLLEDGERENTRIES.LIST>
<REMOVEZEROENTRIES>No</REMOVEZEROENTRIES>
<ISDEEMEDPOSITIVE>No</ISDEEMEDPOSITIVE>
<LEDGERFROMITEM>No</LEDGERFROMITEM>
<LEDGERNAME>IGST</LEDGERNAME>
<AMOUNT>792.0000000</AMOUNT>
</ALLLEDGERENTRIES.LIST>
<ALLLEDGERENTRIES.LIST>
<REMOVEZEROENTRIES>No</REMOVEZEROENTRIES>
<ISDEEMEDPOSITIVE>No</ISDEEMEDPOSITIVE>
<LEDGERFROMITEM>No</LEDGERFROMITEM>
<LEDGERNAME>SHORT AND EXCESS</LEDGERNAME>
<AMOUNT>0.000</AMOUNT>
</ALLLEDGERENTRIES.LIST>
</VOUCHER>
<VOUCHER>
<ISOPTIONAL>No</ISOPTIONAL>
<USEFORGAINLOSS>No</USEFORGAINLOSS>
<USEFORCOMPOUND>No</USEFORCOMPOUND>
<VOUCHERTYPENAME>Sales-Import-CFSM</VOUCHERTYPENAME>
<DATE>20200109</DATE>
<EFFECTIVEDATE>20200109</EFFECTIVEDATE>
<ISCANCELLED>No</ISCANCELLED>
<USETRACKINGNUMBER>No</USETRACKINGNUMBER>
<ISPOSTDATED>No</ISPOSTDATED>
<ISINVOICE>No</ISINVOICE>
<DIFFACTUALQTY>No</DIFFACTUALQTY>
<VOUCHERNUMBER>ALSI012540/19-20</VOUCHERNUMBER>
<PARTYLEDGERNAME>UNICHEM LABORATORIES LTD</PARTYLEDGERNAME>
<STATENAME>Maharashtra</STATENAME>
<NARRATION>Being amount debited towards IGM No: 2243068, BL NO: 0279694649, Importer: UNICHEM LABORATORIES LIMITED, VOY NO: 926, Vessel: WAN HAI 513, LINER: WAN HAI LINE and containers:  1 X 20, Invoice No: ALSI012540/19-20</NARRATION>
<PARTYGSTIN>27AAACU0551B1ZW</PARTYGSTIN>
<ALLLEDGERENTRIES.LIST>
<REMOVEZEROENTRIES>No</REMOVEZEROENTRIES>
<ISDEEMEDPOSITIVE>Yes</ISDEEMEDPOSITIVE>
<LEDGERFROMITEM>No</LEDGERFROMITEM>
<LEDGERNAME>UNICHEM LABORATORIES LTD</LEDGERNAME>
<AMOUNT>-16927.000</AMOUNT>
<BILLALLOCATIONS.LIST>
<NAME>ALSI012540/19-20</NAME>
<BILLTYPE>New Ref</BILLTYPE>
<AMOUNT>-16927.000</AMOUNT>
</BILLALLOCATIONS.LIST>
</ALLLEDGERENTRIES.LIST>
<ALLLEDGERENTRIES.LIST>
<REMOVEZEROENTRIES>No</REMOVEZEROENTRIES>
<ISDEEMEDPOSITIVE>No</ISDEEMEDPOSITIVE>
<LEDGERFROMITEM>No</LEDGERFROMITEM>
<LEDGERNAME>Container Handling Services-Import-GST</LEDGERNAME>
<AMOUNT>7365.000</AMOUNT>
</ALLLEDGERENTRIES.LIST>
<ALLLEDGERENTRIES.LIST>
<REMOVEZEROENTRIES>No</REMOVEZEROENTRIES>
<ISDEEMEDPOSITIVE>No</ISDEEMEDPOSITIVE>
<LEDGERFROMITEM>No</LEDGERFROMITEM>
<LEDGERNAME>CGST</LEDGERNAME>
<AMOUNT>662.8500000</AMOUNT>
</ALLLEDGERENTRIES.LIST>
<ALLLEDGERENTRIES.LIST>
<REMOVEZEROENTRIES>No</REMOVEZEROENTRIES>
<ISDEEMEDPOSITIVE>No</ISDEEMEDPOSITIVE>
<LEDGERFROMITEM>No</LEDGERFROMITEM>
<LEDGERNAME>SGST</LEDGERNAME>
<AMOUNT>662.8500000</AMOUNT>
</ALLLEDGERENTRIES.LIST>
<ALLLEDGERENTRIES.LIST>
<REMOVEZEROENTRIES>No</REMOVEZEROENTRIES>
<ISDEEMEDPOSITIVE>No</ISDEEMEDPOSITIVE>
<LEDGERFROMITEM>No</LEDGERFROMITEM>
<LEDGERNAME>Other Storage and Warehousing Services-Import-GST</LEDGERNAME>
<AMOUNT>2950.000</AMOUNT>
</ALLLEDGERENTRIES.LIST>
<ALLLEDGERENTRIES.LIST>
<REMOVEZEROENTRIES>No</REMOVEZEROENTRIES>
<ISDEEMEDPOSITIVE>No</ISDEEMEDPOSITIVE>
<LEDGERFROMITEM>No</LEDGERFROMITEM>
<LEDGERNAME>CGST</LEDGERNAME>
<AMOUNT>265.5000000</AMOUNT>
</ALLLEDGERENTRIES.LIST>
<ALLLEDGERENTRIES.LIST>
<REMOVEZEROENTRIES>No</REMOVEZEROENTRIES>
<ISDEEMEDPOSITIVE>No</ISDEEMEDPOSITIVE>
<LEDGERFROMITEM>No</LEDGERFROMITEM>
<LEDGERNAME>SGST</LEDGERNAME>
<AMOUNT>265.5000000</AMOUNT>
</ALLLEDGERENTRIES.LIST>
<ALLLEDGERENTRIES.LIST>
<REMOVEZEROENTRIES>No</REMOVEZEROENTRIES>
<ISDEEMEDPOSITIVE>No</ISDEEMEDPOSITIVE>
<LEDGERFROMITEM>No</LEDGERFROMITEM>
<LEDGERNAME>Container Handling Services-Import-GST</LEDGERNAME>
<AMOUNT>1200.000</AMOUNT>
</ALLLEDGERENTRIES.LIST>
<ALLLEDGERENTRIES.LIST>
<REMOVEZEROENTRIES>No</REMOVEZEROENTRIES>
<ISDEEMEDPOSITIVE>No</ISDEEMEDPOSITIVE>
<LEDGERFROMITEM>No</LEDGERFROMITEM>
<LEDGERNAME>CGST</LEDGERNAME>
<AMOUNT>108.0000000</AMOUNT>
</ALLLEDGERENTRIES.LIST>
<ALLLEDGERENTRIES.LIST>
<REMOVEZEROENTRIES>No</REMOVEZEROENTRIES>
<ISDEEMEDPOSITIVE>No</ISDEEMEDPOSITIVE>
<LEDGERFROMITEM>No</LEDGERFROMITEM>
<LEDGERNAME>SGST</LEDGERNAME>
<AMOUNT>108.0000000</AMOUNT>
</ALLLEDGERENTRIES.LIST>
<ALLLEDGERENTRIES.LIST>
<REMOVEZEROENTRIES>No</REMOVEZEROENTRIES>
<ISDEEMEDPOSITIVE>No</ISDEEMEDPOSITIVE>
<LEDGERFROMITEM>No</LEDGERFROMITEM>
<LEDGERNAME>Container Handling Services-Import-GST</LEDGERNAME>
<AMOUNT>50.000</AMOUNT>
</ALLLEDGERENTRIES.LIST>
<ALLLEDGERENTRIES.LIST>
<REMOVEZEROENTRIES>No</REMOVEZEROENTRIES>
<ISDEEMEDPOSITIVE>No</ISDEEMEDPOSITIVE>
<LEDGERFROMITEM>No</LEDGERFROMITEM>
<LEDGERNAME>CGST</LEDGERNAME>
<AMOUNT>4.5000000</AMOUNT>
</ALLLEDGERENTRIES.LIST>
<ALLLEDGERENTRIES.LIST>
<REMOVEZEROENTRIES>No</REMOVEZEROENTRIES>
<ISDEEMEDPOSITIVE>No</ISDEEMEDPOSITIVE>
<LEDGERFROMITEM>No</LEDGERFROMITEM>
<LEDGERNAME>SGST</LEDGERNAME>
<AMOUNT>4.5000000</AMOUNT>
</ALLLEDGERENTRIES.LIST>
<ALLLEDGERENTRIES.LIST>
<REMOVEZEROENTRIES>No</REMOVEZEROENTRIES>
<ISDEEMEDPOSITIVE>No</ISDEEMEDPOSITIVE>
<LEDGERFROMITEM>No</LEDGERFROMITEM>
<LEDGERNAME>Container Handling Services-Import-GST</LEDGERNAME>
<AMOUNT>30.000</AMOUNT>
</ALLLEDGERENTRIES.LIST>
<ALLLEDGERENTRIES.LIST>
<REMOVEZEROENTRIES>No</REMOVEZEROENTRIES>
<ISDEEMEDPOSITIVE>No</ISDEEMEDPOSITIVE>
<LEDGERFROMITEM>No</LEDGERFROMITEM>
<LEDGERNAME>CGST</LEDGERNAME>
<AMOUNT>2.7000000</AMOUNT>
</ALLLEDGERENTRIES.LIST>
<ALLLEDGERENTRIES.LIST>
<REMOVEZEROENTRIES>No</REMOVEZEROENTRIES>
<ISDEEMEDPOSITIVE>No</ISDEEMEDPOSITIVE>
<LEDGERFROMITEM>No</LEDGERFROMITEM>
<LEDGERNAME>SGST</LEDGERNAME>
<AMOUNT>2.7000000</AMOUNT>
</ALLLEDGERENTRIES.LIST>
<ALLLEDGERENTRIES.LIST>
<REMOVEZEROENTRIES>No</REMOVEZEROENTRIES>
<ISDEEMEDPOSITIVE>No</ISDEEMEDPOSITIVE>
<LEDGERFROMITEM>No</LEDGERFROMITEM>
<LEDGERNAME>Container Handling Services-Import-GST</LEDGERNAME>
<AMOUNT>400.000</AMOUNT>
</ALLLEDGERENTRIES.LIST>
<ALLLEDGERENTRIES.LIST>
<REMOVEZEROENTRIES>No</REMOVEZEROENTRIES>
<ISDEEMEDPOSITIVE>No</ISDEEMEDPOSITIVE>
<LEDGERFROMITEM>No</LEDGERFROMITEM>
<LEDGERNAME>CGST</LEDGERNAME>
<AMOUNT>36.0000000</AMOUNT>
</ALLLEDGERENTRIES.LIST>
<ALLLEDGERENTRIES.LIST>
<REMOVEZEROENTRIES>No</REMOVEZEROENTRIES>
<ISDEEMEDPOSITIVE>No</ISDEEMEDPOSITIVE>
<LEDGERFROMITEM>No</LEDGERFROMITEM>
<LEDGERNAME>SGST</LEDGERNAME>
<AMOUNT>36.0000000</AMOUNT>
</ALLLEDGERENTRIES.LIST>
<ALLLEDGERENTRIES.LIST>
<REMOVEZEROENTRIES>No</REMOVEZEROENTRIES>
<ISDEEMEDPOSITIVE>No</ISDEEMEDPOSITIVE>
<LEDGERFROMITEM>No</LEDGERFROMITEM>
<LEDGERNAME>Container Handling Services-Import-GST</LEDGERNAME>
<AMOUNT>1200.000</AMOUNT>
</ALLLEDGERENTRIES.LIST>
<ALLLEDGERENTRIES.LIST>
<REMOVEZEROENTRIES>No</REMOVEZEROENTRIES>
<ISDEEMEDPOSITIVE>No</ISDEEMEDPOSITIVE>
<LEDGERFROMITEM>No</LEDGERFROMITEM>
<LEDGERNAME>CGST</LEDGERNAME>
<AMOUNT>108.0000000</AMOUNT>
</ALLLEDGERENTRIES.LIST>
<ALLLEDGERENTRIES.LIST>
<REMOVEZEROENTRIES>No</REMOVEZEROENTRIES>
<ISDEEMEDPOSITIVE>No</ISDEEMEDPOSITIVE>
<LEDGERFROMITEM>No</LEDGERFROMITEM>
<LEDGERNAME>SGST</LEDGERNAME>
<AMOUNT>108.0000000</AMOUNT>
</ALLLEDGERENTRIES.LIST>
<ALLLEDGERENTRIES.LIST>
<REMOVEZEROENTRIES>No</REMOVEZEROENTRIES>
<ISDEEMEDPOSITIVE>No</ISDEEMEDPOSITIVE>
<LEDGERFROMITEM>No</LEDGERFROMITEM>
<LEDGERNAME>Container Handling Services-Import-GST</LEDGERNAME>
<AMOUNT>600.000</AMOUNT>
</ALLLEDGERENTRIES.LIST>
<ALLLEDGERENTRIES.LIST>
<REMOVEZEROENTRIES>No</REMOVEZEROENTRIES>
<ISDEEMEDPOSITIVE>No</ISDEEMEDPOSITIVE>
<LEDGERFROMITEM>No</LEDGERFROMITEM>
<LEDGERNAME>CGST</LEDGERNAME>
<AMOUNT>54.0000000</AMOUNT>
</ALLLEDGERENTRIES.LIST>
<ALLLEDGERENTRIES.LIST>
<REMOVEZEROENTRIES>No</REMOVEZEROENTRIES>
<ISDEEMEDPOSITIVE>No</ISDEEMEDPOSITIVE>
<LEDGERFROMITEM>No</LEDGERFROMITEM>
<LEDGERNAME>SGST</LEDGERNAME>
<AMOUNT>54.0000000</AMOUNT>
</ALLLEDGERENTRIES.LIST>
<ALLLEDGERENTRIES.LIST>
<REMOVEZEROENTRIES>No</REMOVEZEROENTRIES>
<ISDEEMEDPOSITIVE>No</ISDEEMEDPOSITIVE>
<LEDGERFROMITEM>No</LEDGERFROMITEM>
<LEDGERNAME>Container Handling Services-Import-GST</LEDGERNAME>
<AMOUNT>550.000</AMOUNT>
</ALLLEDGERENTRIES.LIST>
<ALLLEDGERENTRIES.LIST>
<REMOVEZEROENTRIES>No</REMOVEZEROENTRIES>
<ISDEEMEDPOSITIVE>No</ISDEEMEDPOSITIVE>
<LEDGERFROMITEM>No</LEDGERFROMITEM>
<LEDGERNAME>CGST</LEDGERNAME>
<AMOUNT>49.5000000</AMOUNT>
</ALLLEDGERENTRIES.LIST>
<ALLLEDGERENTRIES.LIST>
<REMOVEZEROENTRIES>No</REMOVEZEROENTRIES>
<ISDEEMEDPOSITIVE>No</ISDEEMEDPOSITIVE>
<LEDGERFROMITEM>No</LEDGERFROMITEM>
<LEDGERNAME>SGST</LEDGERNAME>
<AMOUNT>49.5000000</AMOUNT>
</ALLLEDGERENTRIES.LIST>
<ALLLEDGERENTRIES.LIST>
<REMOVEZEROENTRIES>No</REMOVEZEROENTRIES>
<ISDEEMEDPOSITIVE>No</ISDEEMEDPOSITIVE>
<LEDGERFROMITEM>No</LEDGERFROMITEM>
<LEDGERNAME>SHORT AND EXCESS</LEDGERNAME>
<AMOUNT>-0.100</AMOUNT>
</ALLLEDGERENTRIES.LIST>
</VOUCHER>
<VOUCHER>
<ISOPTIONAL>No</ISOPTIONAL>
<USEFORGAINLOSS>No</USEFORGAINLOSS>
<USEFORCOMPOUND>No</USEFORCOMPOUND>
<VOUCHERTYPENAME>Sales-Import-CFSM</VOUCHERTYPENAME>
<DATE>20200109</DATE>
<EFFECTIVEDATE>20200109</EFFECTIVEDATE>
<ISCANCELLED>No</ISCANCELLED>
<USETRACKINGNUMBER>No</USETRACKINGNUMBER>
<ISPOSTDATED>No</ISPOSTDATED>
<ISINVOICE>No</ISINVOICE>
<DIFFACTUALQTY>No</DIFFACTUALQTY>
<VOUCHERNUMBER>ALSI012541/19-20</VOUCHERNUMBER>
<PARTYLEDGERNAME>KANCHAN STEEL INDIA</PARTYLEDGERNAME>
<STATENAME>Maharashtra</STATENAME>
<NARRATION>Being amount debited towards IGM No: 2243332, BL NO: SAIPKGNSA19045, Importer: KANCHAN STEEL INDIA, VOY NO: 888, Vessel: BLANDINE, LINER: SAI SHIPPING LINE and containers:  1 X 20, Invoice No: ALSI012541/19-20</NARRATION>
<PARTYGSTIN>27AABPJ6664L1ZC</PARTYGSTIN>
<ALLLEDGERENTRIES.LIST>
<REMOVEZEROENTRIES>No</REMOVEZEROENTRIES>
<ISDEEMEDPOSITIVE>Yes</ISDEEMEDPOSITIVE>
<LEDGERFROMITEM>No</LEDGERFROMITEM>
<LEDGERNAME>KANCHAN STEEL INDIA</LEDGERNAME>
<AMOUNT>-20709.000</AMOUNT>
<BILLALLOCATIONS.LIST>
<NAME>ALSI012541/19-20</NAME>
<BILLTYPE>New Ref</BILLTYPE>
<AMOUNT>-20709.000</AMOUNT>
</BILLALLOCATIONS.LIST>
</ALLLEDGERENTRIES.LIST>
<ALLLEDGERENTRIES.LIST>
<REMOVEZEROENTRIES>No</REMOVEZEROENTRIES>
<ISDEEMEDPOSITIVE>No</ISDEEMEDPOSITIVE>
<LEDGERFROMITEM>No</LEDGERFROMITEM>
<LEDGERNAME>Container Handling Services-Import-GST</LEDGERNAME>
<AMOUNT>4500.000</AMOUNT>
</ALLLEDGERENTRIES.LIST>
<ALLLEDGERENTRIES.LIST>
<REMOVEZEROENTRIES>No</REMOVEZEROENTRIES>
<ISDEEMEDPOSITIVE>No</ISDEEMEDPOSITIVE>
<LEDGERFROMITEM>No</LEDGERFROMITEM>
<LEDGERNAME>CGST</LEDGERNAME>
<AMOUNT>405.0000000</AMOUNT>
</ALLLEDGERENTRIES.LIST>
<ALLLEDGERENTRIES.LIST>
<REMOVEZEROENTRIES>No</REMOVEZEROENTRIES>
<ISDEEMEDPOSITIVE>No</ISDEEMEDPOSITIVE>
<LEDGERFROMITEM>No</LEDGERFROMITEM>
<LEDGERNAME>SGST</LEDGERNAME>
<AMOUNT>405.0000000</AMOUNT>
</ALLLEDGERENTRIES.LIST>
<ALLLEDGERENTRIES.LIST>
<REMOVEZEROENTRIES>No</REMOVEZEROENTRIES>
<ISDEEMEDPOSITIVE>No</ISDEEMEDPOSITIVE>
<LEDGERFROMITEM>No</LEDGERFROMITEM>
<LEDGERNAME>Container Handling Services-Import-GST</LEDGERNAME>
<AMOUNT>1000.000</AMOUNT>
</ALLLEDGERENTRIES.LIST>
<ALLLEDGERENTRIES.LIST>
<REMOVEZEROENTRIES>No</REMOVEZEROENTRIES>
<ISDEEMEDPOSITIVE>No</ISDEEMEDPOSITIVE>
<LEDGERFROMITEM>No</LEDGERFROMITEM>
<LEDGERNAME>CGST</LEDGERNAME>
<AMOUNT>90.0000000</AMOUNT>
</ALLLEDGERENTRIES.LIST>
<ALLLEDGERENTRIES.LIST>
<REMOVEZEROENTRIES>No</REMOVEZEROENTRIES>
<ISDEEMEDPOSITIVE>No</ISDEEMEDPOSITIVE>
<LEDGERFROMITEM>No</LEDGERFROMITEM>
<LEDGERNAME>SGST</LEDGERNAME>
<AMOUNT>90.0000000</AMOUNT>
</ALLLEDGERENTRIES.LIST>
<ALLLEDGERENTRIES.LIST>
<REMOVEZEROENTRIES>No</REMOVEZEROENTRIES>
<ISDEEMEDPOSITIVE>No</ISDEEMEDPOSITIVE>
<LEDGERFROMITEM>No</LEDGERFROMITEM>
<LEDGERNAME>Container Handling Services-Import-GST</LEDGERNAME>
<AMOUNT>11500.000</AMOUNT>
</ALLLEDGERENTRIES.LIST>
<ALLLEDGERENTRIES.LIST>
<REMOVEZEROENTRIES>No</REMOVEZEROENTRIES>
<ISDEEMEDPOSITIVE>No</ISDEEMEDPOSITIVE>
<LEDGERFROMITEM>No</LEDGERFROMITEM>
<LEDGERNAME>CGST</LEDGERNAME>
<AMOUNT>1035.0000000</AMOUNT>
</ALLLEDGERENTRIES.LIST>
<ALLLEDGERENTRIES.LIST>
<REMOVEZEROENTRIES>No</REMOVEZEROENTRIES>
<ISDEEMEDPOSITIVE>No</ISDEEMEDPOSITIVE>
<LEDGERFROMITEM>No</LEDGERFROMITEM>
<LEDGERNAME>SGST</LEDGERNAME>
<AMOUNT>1035.0000000</AMOUNT>
</ALLLEDGERENTRIES.LIST>
<ALLLEDGERENTRIES.LIST>
<REMOVEZEROENTRIES>No</REMOVEZEROENTRIES>
<ISDEEMEDPOSITIVE>No</ISDEEMEDPOSITIVE>
<LEDGERFROMITEM>No</LEDGERFROMITEM>
<LEDGERNAME>Container Handling Services-Import-GST</LEDGERNAME>
<AMOUNT>550.000</AMOUNT>
</ALLLEDGERENTRIES.LIST>
<ALLLEDGERENTRIES.LIST>
<REMOVEZEROENTRIES>No</REMOVEZEROENTRIES>
<ISDEEMEDPOSITIVE>No</ISDEEMEDPOSITIVE>
<LEDGERFROMITEM>No</LEDGERFROMITEM>
<LEDGERNAME>CGST</LEDGERNAME>
<AMOUNT>49.5000000</AMOUNT>
</ALLLEDGERENTRIES.LIST>
<ALLLEDGERENTRIES.LIST>
<REMOVEZEROENTRIES>No</REMOVEZEROENTRIES>
<ISDEEMEDPOSITIVE>No</ISDEEMEDPOSITIVE>
<LEDGERFROMITEM>No</LEDGERFROMITEM>
<LEDGERNAME>SGST</LEDGERNAME>
<AMOUNT>49.5000000</AMOUNT>
</ALLLEDGERENTRIES.LIST>
<ALLLEDGERENTRIES.LIST>
<REMOVEZEROENTRIES>No</REMOVEZEROENTRIES>
<ISDEEMEDPOSITIVE>No</ISDEEMEDPOSITIVE>
<LEDGERFROMITEM>No</LEDGERFROMITEM>
<LEDGERNAME>SHORT AND EXCESS</LEDGERNAME>
<AMOUNT>0.000</AMOUNT>
</ALLLEDGERENTRIES.LIST>
</VOUCHER>
<VOUCHER>
<ISOPTIONAL>No</ISOPTIONAL>
<USEFORGAINLOSS>No</USEFORGAINLOSS>
<USEFORCOMPOUND>No</USEFORCOMPOUND>
<VOUCHERTYPENAME>Sales-Import-CFSM</VOUCHERTYPENAME>
<DATE>20200109</DATE>
<EFFECTIVEDATE>20200109</EFFECTIVEDATE>
<ISCANCELLED>No</ISCANCELLED>
<USETRACKINGNUMBER>No</USETRACKINGNUMBER>
<ISPOSTDATED>No</ISPOSTDATED>
<ISINVOICE>No</ISINVOICE>
<DIFFACTUALQTY>No</DIFFACTUALQTY>
<VOUCHERNUMBER>ALSI012542/19-20</VOUCHERNUMBER>
<PARTYLEDGERNAME>Procter And Gamble Hygenie and Health Care Ltd.</PARTYLEDGERNAME>
<STATENAME>Goa</STATENAME>
<NARRATION>Being amount debited towards IGM No: 2243250, BL NO: TSNCB19009463, Importer: PROCTER and GAMBLE HYGIENE and HEALTH CARE LIMITED, VOY NO: 949W, Vessel: MAERSK TAURUS, LINER: RCL FEEDER PTE LTD. and containers:  2 X 40, Invoice No: ALSI012542/19-20</NARRATION>
<PARTYGSTIN>30AAACP6332M1ZK</PARTYGSTIN>
<ALLLEDGERENTRIES.LIST>
<REMOVEZEROENTRIES>No</REMOVEZEROENTRIES>
<ISDEEMEDPOSITIVE>Yes</ISDEEMEDPOSITIVE>
<LEDGERFROMITEM>No</LEDGERFROMITEM>
<LEDGERNAME>Procter And Gamble Hygenie and Health Care Ltd.</LEDGERNAME>
<AMOUNT>-77904.000</AMOUNT>
<BILLALLOCATIONS.LIST>
<NAME>ALSI012542/19-20</NAME>
<BILLTYPE>New Ref</BILLTYPE>
<AMOUNT>-77904.000</AMOUNT>
</BILLALLOCATIONS.LIST>
</ALLLEDGERENTRIES.LIST>
<ALLLEDGERENTRIES.LIST>
<REMOVEZEROENTRIES>No</REMOVEZEROENTRIES>
<ISDEEMEDPOSITIVE>No</ISDEEMEDPOSITIVE>
<LEDGERFROMITEM>No</LEDGERFROMITEM>
<LEDGERNAME>Container Handling Services-Import-GST</LEDGERNAME>
<AMOUNT>40760.000</AMOUNT>
</ALLLEDGERENTRIES.LIST>
<ALLLEDGERENTRIES.LIST>
<REMOVEZEROENTRIES>No</REMOVEZEROENTRIES>
<ISDEEMEDPOSITIVE>No</ISDEEMEDPOSITIVE>
<LEDGERFROMITEM>No</LEDGERFROMITEM>
<LEDGERNAME>IGST</LEDGERNAME>
<AMOUNT>7336.8000000</AMOUNT>
</ALLLEDGERENTRIES.LIST>
<ALLLEDGERENTRIES.LIST>
<REMOVEZEROENTRIES>No</REMOVEZEROENTRIES>
<ISDEEMEDPOSITIVE>No</ISDEEMEDPOSITIVE>
<LEDGERFROMITEM>No</LEDGERFROMITEM>
<LEDGERNAME>Other Storage and Warehousing Services-Import-GST</LEDGERNAME>
<AMOUNT>10500.000</AMOUNT>
</ALLLEDGERENTRIES.LIST>
<ALLLEDGERENTRIES.LIST>
<REMOVEZEROENTRIES>No</REMOVEZEROENTRIES>
<ISDEEMEDPOSITIVE>No</ISDEEMEDPOSITIVE>
<LEDGERFROMITEM>No</LEDGERFROMITEM>
<LEDGERNAME>IGST</LEDGERNAME>
<AMOUNT>1890.0000000</AMOUNT>
</ALLLEDGERENTRIES.LIST>
<ALLLEDGERENTRIES.LIST>
<REMOVEZEROENTRIES>No</REMOVEZEROENTRIES>
<ISDEEMEDPOSITIVE>No</ISDEEMEDPOSITIVE>
<LEDGERFROMITEM>No</LEDGERFROMITEM>
<LEDGERNAME>Container Handling Services-Import-GST</LEDGERNAME>
<AMOUNT>4800.000</AMOUNT>
</ALLLEDGERENTRIES.LIST>
<ALLLEDGERENTRIES.LIST>
<REMOVEZEROENTRIES>No</REMOVEZEROENTRIES>
<ISDEEMEDPOSITIVE>No</ISDEEMEDPOSITIVE>
<LEDGERFROMITEM>No</LEDGERFROMITEM>
<LEDGERNAME>IGST</LEDGERNAME>
<AMOUNT>864.0000000</AMOUNT>
</ALLLEDGERENTRIES.LIST>
<ALLLEDGERENTRIES.LIST>
<REMOVEZEROENTRIES>No</REMOVEZEROENTRIES>
<ISDEEMEDPOSITIVE>No</ISDEEMEDPOSITIVE>
<LEDGERFROMITEM>No</LEDGERFROMITEM>
<LEDGERNAME>Container Handling Services-Import-GST</LEDGERNAME>
<AMOUNT>100.000</AMOUNT>
</ALLLEDGERENTRIES.LIST>
<ALLLEDGERENTRIES.LIST>
<REMOVEZEROENTRIES>No</REMOVEZEROENTRIES>
<ISDEEMEDPOSITIVE>No</ISDEEMEDPOSITIVE>
<LEDGERFROMITEM>No</LEDGERFROMITEM>
<LEDGERNAME>IGST</LEDGERNAME>
<AMOUNT>18.0000000</AMOUNT>
</ALLLEDGERENTRIES.LIST>
<ALLLEDGERENTRIES.LIST>
<REMOVEZEROENTRIES>No</REMOVEZEROENTRIES>
<ISDEEMEDPOSITIVE>No</ISDEEMEDPOSITIVE>
<LEDGERFROMITEM>No</LEDGERFROMITEM>
<LEDGERNAME>Container Handling Services-Import-GST</LEDGERNAME>
<AMOUNT>60.000</AMOUNT>
</ALLLEDGERENTRIES.LIST>
<ALLLEDGERENTRIES.LIST>
<REMOVEZEROENTRIES>No</REMOVEZEROENTRIES>
<ISDEEMEDPOSITIVE>No</ISDEEMEDPOSITIVE>
<LEDGERFROMITEM>No</LEDGERFROMITEM>
<LEDGERNAME>IGST</LEDGERNAME>
<AMOUNT>10.8000000</AMOUNT>
</ALLLEDGERENTRIES.LIST>
<ALLLEDGERENTRIES.LIST>
<REMOVEZEROENTRIES>No</REMOVEZEROENTRIES>
<ISDEEMEDPOSITIVE>No</ISDEEMEDPOSITIVE>
<LEDGERFROMITEM>No</LEDGERFROMITEM>
<LEDGERNAME>Container Handling Services-Import-GST</LEDGERNAME>
<AMOUNT>400.000</AMOUNT>
</ALLLEDGERENTRIES.LIST>
<ALLLEDGERENTRIES.LIST>
<REMOVEZEROENTRIES>No</REMOVEZEROENTRIES>
<ISDEEMEDPOSITIVE>No</ISDEEMEDPOSITIVE>
<LEDGERFROMITEM>No</LEDGERFROMITEM>
<LEDGERNAME>IGST</LEDGERNAME>
<AMOUNT>72.0000000</AMOUNT>
</ALLLEDGERENTRIES.LIST>
<ALLLEDGERENTRIES.LIST>
<REMOVEZEROENTRIES>No</REMOVEZEROENTRIES>
<ISDEEMEDPOSITIVE>No</ISDEEMEDPOSITIVE>
<LEDGERFROMITEM>No</LEDGERFROMITEM>
<LEDGERNAME>Container Handling Services-Import-GST</LEDGERNAME>
<AMOUNT>4800.000</AMOUNT>
</ALLLEDGERENTRIES.LIST>
<ALLLEDGERENTRIES.LIST>
<REMOVEZEROENTRIES>No</REMOVEZEROENTRIES>
<ISDEEMEDPOSITIVE>No</ISDEEMEDPOSITIVE>
<LEDGERFROMITEM>No</LEDGERFROMITEM>
<LEDGERNAME>IGST</LEDGERNAME>
<AMOUNT>864.0000000</AMOUNT>
</ALLLEDGERENTRIES.LIST>
<ALLLEDGERENTRIES.LIST>
<REMOVEZEROENTRIES>No</REMOVEZEROENTRIES>
<ISDEEMEDPOSITIVE>No</ISDEEMEDPOSITIVE>
<LEDGERFROMITEM>No</LEDGERFROMITEM>
<LEDGERNAME>Container Handling Services-Import-GST</LEDGERNAME>
<AMOUNT>2400.000</AMOUNT>
</ALLLEDGERENTRIES.LIST>
<ALLLEDGERENTRIES.LIST>
<REMOVEZEROENTRIES>No</REMOVEZEROENTRIES>
<ISDEEMEDPOSITIVE>No</ISDEEMEDPOSITIVE>
<LEDGERFROMITEM>No</LEDGERFROMITEM>
<LEDGERNAME>IGST</LEDGERNAME>
<AMOUNT>432.0000000</AMOUNT>
</ALLLEDGERENTRIES.LIST>
<ALLLEDGERENTRIES.LIST>
<REMOVEZEROENTRIES>No</REMOVEZEROENTRIES>
<ISDEEMEDPOSITIVE>No</ISDEEMEDPOSITIVE>
<LEDGERFROMITEM>No</LEDGERFROMITEM>
<LEDGERNAME>Container Handling Services-Import-GST</LEDGERNAME>
<AMOUNT>2200.000</AMOUNT>
</ALLLEDGERENTRIES.LIST>
<ALLLEDGERENTRIES.LIST>
<REMOVEZEROENTRIES>No</REMOVEZEROENTRIES>
<ISDEEMEDPOSITIVE>No</ISDEEMEDPOSITIVE>
<LEDGERFROMITEM>No</LEDGERFROMITEM>
<LEDGERNAME>IGST</LEDGERNAME>
<AMOUNT>396.0000000</AMOUNT>
</ALLLEDGERENTRIES.LIST>
<ALLLEDGERENTRIES.LIST>
<REMOVEZEROENTRIES>No</REMOVEZEROENTRIES>
<ISDEEMEDPOSITIVE>No</ISDEEMEDPOSITIVE>
<LEDGERFROMITEM>No</LEDGERFROMITEM>
<LEDGERNAME>SHORT AND EXCESS</LEDGERNAME>
<AMOUNT>0.400</AMOUNT>
</ALLLEDGERENTRIES.LIST>
</VOUCHER>
<VOUCHER>
<ISOPTIONAL>No</ISOPTIONAL>
<USEFORGAINLOSS>No</USEFORGAINLOSS>
<USEFORCOMPOUND>No</USEFORCOMPOUND>
<VOUCHERTYPENAME>Sales-Import-CFSM</VOUCHERTYPENAME>
<DATE>20200109</DATE>
<EFFECTIVEDATE>20200109</EFFECTIVEDATE>
<ISCANCELLED>No</ISCANCELLED>
<USETRACKINGNUMBER>No</USETRACKINGNUMBER>
<ISPOSTDATED>No</ISPOSTDATED>
<ISINVOICE>No</ISINVOICE>
<DIFFACTUALQTY>No</DIFFACTUALQTY>
<VOUCHERNUMBER>ALSI012543/19-20</VOUCHERNUMBER>
<PARTYLEDGERNAME>KANCHAN STEEL INDIA</PARTYLEDGERNAME>
<STATENAME>Maharashtra</STATENAME>
<NARRATION>Being amount debited towards IGM No: 2243332, BL NO: SAIPKGNSA19046, Importer: KANCHAN STEEL INDIA, VOY NO: 888, Vessel: BLANDINE, LINER: SAI SHIPPING LINE and containers:  1 X 20, Invoice No: ALSI012543/19-20</NARRATION>
<PARTYGSTIN>27AABPJ6664L1ZC</PARTYGSTIN>
<ALLLEDGERENTRIES.LIST>
<REMOVEZEROENTRIES>No</REMOVEZEROENTRIES>
<ISDEEMEDPOSITIVE>Yes</ISDEEMEDPOSITIVE>
<LEDGERFROMITEM>No</LEDGERFROMITEM>
<LEDGERNAME>KANCHAN STEEL INDIA</LEDGERNAME>
<AMOUNT>-20709.000</AMOUNT>
<BILLALLOCATIONS.LIST>
<NAME>ALSI012543/19-20</NAME>
<BILLTYPE>New Ref</BILLTYPE>
<AMOUNT>-20709.000</AMOUNT>
</BILLALLOCATIONS.LIST>
</ALLLEDGERENTRIES.LIST>
<ALLLEDGERENTRIES.LIST>
<REMOVEZEROENTRIES>No</REMOVEZEROENTRIES>
<ISDEEMEDPOSITIVE>No</ISDEEMEDPOSITIVE>
<LEDGERFROMITEM>No</LEDGERFROMITEM>
<LEDGERNAME>Container Handling Services-Import-GST</LEDGERNAME>
<AMOUNT>4500.000</AMOUNT>
</ALLLEDGERENTRIES.LIST>
<ALLLEDGERENTRIES.LIST>
<REMOVEZEROENTRIES>No</REMOVEZEROENTRIES>
<ISDEEMEDPOSITIVE>No</ISDEEMEDPOSITIVE>
<LEDGERFROMITEM>No</LEDGERFROMITEM>
<LEDGERNAME>CGST</LEDGERNAME>
<AMOUNT>405.0000000</AMOUNT>
</ALLLEDGERENTRIES.LIST>
<ALLLEDGERENTRIES.LIST>
<REMOVEZEROENTRIES>No</REMOVEZEROENTRIES>
<ISDEEMEDPOSITIVE>No</ISDEEMEDPOSITIVE>
<LEDGERFROMITEM>No</LEDGERFROMITEM>
<LEDGERNAME>SGST</LEDGERNAME>
<AMOUNT>405.0000000</AMOUNT>
</ALLLEDGERENTRIES.LIST>
<ALLLEDGERENTRIES.LIST>
<REMOVEZEROENTRIES>No</REMOVEZEROENTRIES>
<ISDEEMEDPOSITIVE>No</ISDEEMEDPOSITIVE>
<LEDGERFROMITEM>No</LEDGERFROMITEM>
<LEDGERNAME>Container Handling Services-Import-GST</LEDGERNAME>
<AMOUNT>1000.000</AMOUNT>
</ALLLEDGERENTRIES.LIST>
<ALLLEDGERENTRIES.LIST>
<REMOVEZEROENTRIES>No</REMOVEZEROENTRIES>
<ISDEEMEDPOSITIVE>No</ISDEEMEDPOSITIVE>
<LEDGERFROMITEM>No</LEDGERFROMITEM>
<LEDGERNAME>CGST</LEDGERNAME>
<AMOUNT>90.0000000</AMOUNT>
</ALLLEDGERENTRIES.LIST>
<ALLLEDGERENTRIES.LIST>
<REMOVEZEROENTRIES>No</REMOVEZEROENTRIES>
<ISDEEMEDPOSITIVE>No</ISDEEMEDPOSITIVE>
<LEDGERFROMITEM>No</LEDGERFROMITEM>
<LEDGERNAME>SGST</LEDGERNAME>
<AMOUNT>90.0000000</AMOUNT>
</ALLLEDGERENTRIES.LIST>
<ALLLEDGERENTRIES.LIST>
<REMOVEZEROENTRIES>No</REMOVEZEROENTRIES>
<ISDEEMEDPOSITIVE>No</ISDEEMEDPOSITIVE>
<LEDGERFROMITEM>No</LEDGERFROMITEM>
<LEDGERNAME>Container Handling Services-Import-GST</LEDGERNAME>
<AMOUNT>11500.000</AMOUNT>
</ALLLEDGERENTRIES.LIST>
<ALLLEDGERENTRIES.LIST>
<REMOVEZEROENTRIES>No</REMOVEZEROENTRIES>
<ISDEEMEDPOSITIVE>No</ISDEEMEDPOSITIVE>
<LEDGERFROMITEM>No</LEDGERFROMITEM>
<LEDGERNAME>CGST</LEDGERNAME>
<AMOUNT>1035.0000000</AMOUNT>
</ALLLEDGERENTRIES.LIST>
<ALLLEDGERENTRIES.LIST>
<REMOVEZEROENTRIES>No</REMOVEZEROENTRIES>
<ISDEEMEDPOSITIVE>No</ISDEEMEDPOSITIVE>
<LEDGERFROMITEM>No</LEDGERFROMITEM>
<LEDGERNAME>SGST</LEDGERNAME>
<AMOUNT>1035.0000000</AMOUNT>
</ALLLEDGERENTRIES.LIST>
<ALLLEDGERENTRIES.LIST>
<REMOVEZEROENTRIES>No</REMOVEZEROENTRIES>
<ISDEEMEDPOSITIVE>No</ISDEEMEDPOSITIVE>
<LEDGERFROMITEM>No</LEDGERFROMITEM>
<LEDGERNAME>Container Handling Services-Import-GST</LEDGERNAME>
<AMOUNT>550.000</AMOUNT>
</ALLLEDGERENTRIES.LIST>
<ALLLEDGERENTRIES.LIST>
<REMOVEZEROENTRIES>No</REMOVEZEROENTRIES>
<ISDEEMEDPOSITIVE>No</ISDEEMEDPOSITIVE>
<LEDGERFROMITEM>No</LEDGERFROMITEM>
<LEDGERNAME>CGST</LEDGERNAME>
<AMOUNT>49.5000000</AMOUNT>
</ALLLEDGERENTRIES.LIST>
<ALLLEDGERENTRIES.LIST>
<REMOVEZEROENTRIES>No</REMOVEZEROENTRIES>
<ISDEEMEDPOSITIVE>No</ISDEEMEDPOSITIVE>
<LEDGERFROMITEM>No</LEDGERFROMITEM>
<LEDGERNAME>SGST</LEDGERNAME>
<AMOUNT>49.5000000</AMOUNT>
</ALLLEDGERENTRIES.LIST>
<ALLLEDGERENTRIES.LIST>
<REMOVEZEROENTRIES>No</REMOVEZEROENTRIES>
<ISDEEMEDPOSITIVE>No</ISDEEMEDPOSITIVE>
<LEDGERFROMITEM>No</LEDGERFROMITEM>
<LEDGERNAME>SHORT AND EXCESS</LEDGERNAME>
<AMOUNT>0.000</AMOUNT>
</ALLLEDGERENTRIES.LIST>
</VOUCHER>
<VOUCHER>
<ISOPTIONAL>No</ISOPTIONAL>
<USEFORGAINLOSS>No</USEFORGAINLOSS>
<USEFORCOMPOUND>No</USEFORCOMPOUND>
<VOUCHERTYPENAME>Sales-Import-CFSM</VOUCHERTYPENAME>
<DATE>20200109</DATE>
<EFFECTIVEDATE>20200109</EFFECTIVEDATE>
<ISCANCELLED>No</ISCANCELLED>
<USETRACKINGNUMBER>No</USETRACKINGNUMBER>
<ISPOSTDATED>No</ISPOSTDATED>
<ISINVOICE>No</ISINVOICE>
<DIFFACTUALQTY>No</DIFFACTUALQTY>
<VOUCHERNUMBER>ALSI012544/19-20</VOUCHERNUMBER>
<PARTYLEDGERNAME>MANOHAR PACKINGS PRIVATE LIMITED</PARTYLEDGERNAME>
<STATENAME>Goa</STATENAME>
<NARRATION>Being amount debited towards IGM No: 2243310, BL NO: IGLBNJ0717CHINHS, Importer: MANOHAR PACKAGINGS PVT LTD, VOY NO: 0IN55W1MA, Vessel: CMA CGM TITUS, LINER: APL INDIA PVT. LTD and containers:  1 X 20, Invoice No: ALSI012544/19-20</NARRATION>
<PARTYGSTIN>30AACCM4748G1ZQ</PARTYGSTIN>
<ALLLEDGERENTRIES.LIST>
<REMOVEZEROENTRIES>No</REMOVEZEROENTRIES>
<ISDEEMEDPOSITIVE>Yes</ISDEEMEDPOSITIVE>
<LEDGERFROMITEM>No</LEDGERFROMITEM>
<LEDGERNAME>MANOHAR PACKINGS PRIVATE LIMITED</LEDGERNAME>
<AMOUNT>-22591.000</AMOUNT>
<BILLALLOCATIONS.LIST>
<NAME>ALSI012544/19-20</NAME>
<BILLTYPE>New Ref</BILLTYPE>
<AMOUNT>-22591.000</AMOUNT>
</BILLALLOCATIONS.LIST>
</ALLLEDGERENTRIES.LIST>
<ALLLEDGERENTRIES.LIST>
<REMOVEZEROENTRIES>No</REMOVEZEROENTRIES>
<ISDEEMEDPOSITIVE>No</ISDEEMEDPOSITIVE>
<LEDGERFROMITEM>No</LEDGERFROMITEM>
<LEDGERNAME>Container Handling Services-Import-GST</LEDGERNAME>
<AMOUNT>12865.000</AMOUNT>
</ALLLEDGERENTRIES.LIST>
<ALLLEDGERENTRIES.LIST>
<REMOVEZEROENTRIES>No</REMOVEZEROENTRIES>
<ISDEEMEDPOSITIVE>No</ISDEEMEDPOSITIVE>
<LEDGERFROMITEM>No</LEDGERFROMITEM>
<LEDGERNAME>IGST</LEDGERNAME>
<AMOUNT>2315.7000000</AMOUNT>
</ALLLEDGERENTRIES.LIST>
<ALLLEDGERENTRIES.LIST>
<REMOVEZEROENTRIES>No</REMOVEZEROENTRIES>
<ISDEEMEDPOSITIVE>No</ISDEEMEDPOSITIVE>
<LEDGERFROMITEM>No</LEDGERFROMITEM>
<LEDGERNAME>Other Storage and Warehousing Services-Import-GST</LEDGERNAME>
<AMOUNT>2300.000</AMOUNT>
</ALLLEDGERENTRIES.LIST>
<ALLLEDGERENTRIES.LIST>
<REMOVEZEROENTRIES>No</REMOVEZEROENTRIES>
<ISDEEMEDPOSITIVE>No</ISDEEMEDPOSITIVE>
<LEDGERFROMITEM>No</LEDGERFROMITEM>
<LEDGERNAME>IGST</LEDGERNAME>
<AMOUNT>414.0000000</AMOUNT>
</ALLLEDGERENTRIES.LIST>
<ALLLEDGERENTRIES.LIST>
<REMOVEZEROENTRIES>No</REMOVEZEROENTRIES>
<ISDEEMEDPOSITIVE>No</ISDEEMEDPOSITIVE>
<LEDGERFROMITEM>No</LEDGERFROMITEM>
<LEDGERNAME>Container Handling Services-Import-GST</LEDGERNAME>
<AMOUNT>1200.000</AMOUNT>
</ALLLEDGERENTRIES.LIST>
<ALLLEDGERENTRIES.LIST>
<REMOVEZEROENTRIES>No</REMOVEZEROENTRIES>
<ISDEEMEDPOSITIVE>No</ISDEEMEDPOSITIVE>
<LEDGERFROMITEM>No</LEDGERFROMITEM>
<LEDGERNAME>IGST</LEDGERNAME>
<AMOUNT>216.0000000</AMOUNT>
</ALLLEDGERENTRIES.LIST>
<ALLLEDGERENTRIES.LIST>
<REMOVEZEROENTRIES>No</REMOVEZEROENTRIES>
<ISDEEMEDPOSITIVE>No</ISDEEMEDPOSITIVE>
<LEDGERFROMITEM>No</LEDGERFROMITEM>
<LEDGERNAME>Container Handling Services-Import-GST</LEDGERNAME>
<AMOUNT>30.000</AMOUNT>
</ALLLEDGERENTRIES.LIST>
<ALLLEDGERENTRIES.LIST>
<REMOVEZEROENTRIES>No</REMOVEZEROENTRIES>
<ISDEEMEDPOSITIVE>No</ISDEEMEDPOSITIVE>
<LEDGERFROMITEM>No</LEDGERFROMITEM>
<LEDGERNAME>IGST</LEDGERNAME>
<AMOUNT>5.4000000</AMOUNT>
</ALLLEDGERENTRIES.LIST>
<ALLLEDGERENTRIES.LIST>
<REMOVEZEROENTRIES>No</REMOVEZEROENTRIES>
<ISDEEMEDPOSITIVE>No</ISDEEMEDPOSITIVE>
<LEDGERFROMITEM>No</LEDGERFROMITEM>
<LEDGERNAME>Container Handling Services-Import-GST</LEDGERNAME>
<AMOUNT>400.000</AMOUNT>
</ALLLEDGERENTRIES.LIST>
<ALLLEDGERENTRIES.LIST>
<REMOVEZEROENTRIES>No</REMOVEZEROENTRIES>
<ISDEEMEDPOSITIVE>No</ISDEEMEDPOSITIVE>
<LEDGERFROMITEM>No</LEDGERFROMITEM>
<LEDGERNAME>IGST</LEDGERNAME>
<AMOUNT>72.0000000</AMOUNT>
</ALLLEDGERENTRIES.LIST>
<ALLLEDGERENTRIES.LIST>
<REMOVEZEROENTRIES>No</REMOVEZEROENTRIES>
<ISDEEMEDPOSITIVE>No</ISDEEMEDPOSITIVE>
<LEDGERFROMITEM>No</LEDGERFROMITEM>
<LEDGERNAME>Container Handling Services-Import-GST</LEDGERNAME>
<AMOUNT>1200.000</AMOUNT>
</ALLLEDGERENTRIES.LIST>
<ALLLEDGERENTRIES.LIST>
<REMOVEZEROENTRIES>No</REMOVEZEROENTRIES>
<ISDEEMEDPOSITIVE>No</ISDEEMEDPOSITIVE>
<LEDGERFROMITEM>No</LEDGERFROMITEM>
<LEDGERNAME>IGST</LEDGERNAME>
<AMOUNT>216.0000000</AMOUNT>
</ALLLEDGERENTRIES.LIST>
<ALLLEDGERENTRIES.LIST>
<REMOVEZEROENTRIES>No</REMOVEZEROENTRIES>
<ISDEEMEDPOSITIVE>No</ISDEEMEDPOSITIVE>
<LEDGERFROMITEM>No</LEDGERFROMITEM>
<LEDGERNAME>Container Handling Services-Import-GST</LEDGERNAME>
<AMOUNT>600.000</AMOUNT>
</ALLLEDGERENTRIES.LIST>
<ALLLEDGERENTRIES.LIST>
<REMOVEZEROENTRIES>No</REMOVEZEROENTRIES>
<ISDEEMEDPOSITIVE>No</ISDEEMEDPOSITIVE>
<LEDGERFROMITEM>No</LEDGERFROMITEM>
<LEDGERNAME>IGST</LEDGERNAME>
<AMOUNT>108.0000000</AMOUNT>
</ALLLEDGERENTRIES.LIST>
<ALLLEDGERENTRIES.LIST>
<REMOVEZEROENTRIES>No</REMOVEZEROENTRIES>
<ISDEEMEDPOSITIVE>No</ISDEEMEDPOSITIVE>
<LEDGERFROMITEM>No</LEDGERFROMITEM>
<LEDGERNAME>Container Handling Services-Import-GST</LEDGERNAME>
<AMOUNT>550.000</AMOUNT>
</ALLLEDGERENTRIES.LIST>
<ALLLEDGERENTRIES.LIST>
<REMOVEZEROENTRIES>No</REMOVEZEROENTRIES>
<ISDEEMEDPOSITIVE>No</ISDEEMEDPOSITIVE>
<LEDGERFROMITEM>No</LEDGERFROMITEM>
<LEDGERNAME>IGST</LEDGERNAME>
<AMOUNT>99.0000000</AMOUNT>
</ALLLEDGERENTRIES.LIST>
<ALLLEDGERENTRIES.LIST>
<REMOVEZEROENTRIES>No</REMOVEZEROENTRIES>
<ISDEEMEDPOSITIVE>No</ISDEEMEDPOSITIVE>
<LEDGERFROMITEM>No</LEDGERFROMITEM>
<LEDGERNAME>SHORT AND EXCESS</LEDGERNAME>
<AMOUNT>-0.100</AMOUNT>
</ALLLEDGERENTRIES.LIST>
</VOUCHER>
<VOUCHER>
<ISOPTIONAL>No</ISOPTIONAL>
<USEFORGAINLOSS>No</USEFORGAINLOSS>
<USEFORCOMPOUND>No</USEFORCOMPOUND>
<VOUCHERTYPENAME>Sales-Import-CFSM</VOUCHERTYPENAME>
<DATE>20200109</DATE>
<EFFECTIVEDATE>20200109</EFFECTIVEDATE>
<ISCANCELLED>No</ISCANCELLED>
<USETRACKINGNUMBER>No</USETRACKINGNUMBER>
<ISPOSTDATED>No</ISPOSTDATED>
<ISINVOICE>No</ISINVOICE>
<DIFFACTUALQTY>No</DIFFACTUALQTY>
<VOUCHERNUMBER>ALSI012545/19-20</VOUCHERNUMBER>
<PARTYLEDGERNAME>RAJ PETRO SPECIALITIES PRIVATE LIMITED</PARTYLEDGERNAME>
<STATENAME>Dadra and Nagar Haveli</STATENAME>
<NARRATION>Being amount debited towards IGM No: 2243090, BL NO: MLCFUS000912A, Importer: RAJ PETRO SPECIALITIES PVT. LTD., VOY NO: 102, Vessel: NYK ARGUS, LINER: Hapag OffDocTHC-Hapag LLoyd India Pvt. Ltd. and containers:  1 X 20, Invoice No: ALSI012545/19-20</NARRATION>
<PARTYGSTIN>26AACCS4923P1ZX</PARTYGSTIN>
<ALLLEDGERENTRIES.LIST>
<REMOVEZEROENTRIES>No</REMOVEZEROENTRIES>
<ISDEEMEDPOSITIVE>Yes</ISDEEMEDPOSITIVE>
<LEDGERFROMITEM>No</LEDGERFROMITEM>
<LEDGERNAME>RAJ PETRO SPECIALITIES PRIVATE LIMITED</LEDGERNAME>
<AMOUNT>-106.000</AMOUNT>
<BILLALLOCATIONS.LIST>
<NAME>ALSI012545/19-20</NAME>
<BILLTYPE>New Ref</BILLTYPE>
<AMOUNT>-106.000</AMOUNT>
</BILLALLOCATIONS.LIST>
</ALLLEDGERENTRIES.LIST>
<ALLLEDGERENTRIES.LIST>
<REMOVEZEROENTRIES>No</REMOVEZEROENTRIES>
<ISDEEMEDPOSITIVE>No</ISDEEMEDPOSITIVE>
<LEDGERFROMITEM>No</LEDGERFROMITEM>
<LEDGERNAME>Container Handling Services-Import-GST</LEDGERNAME>
<AMOUNT>90.000</AMOUNT>
</ALLLEDGERENTRIES.LIST>
<ALLLEDGERENTRIES.LIST>
<REMOVEZEROENTRIES>No</REMOVEZEROENTRIES>
<ISDEEMEDPOSITIVE>No</ISDEEMEDPOSITIVE>
<LEDGERFROMITEM>No</LEDGERFROMITEM>
<LEDGERNAME>IGST</LEDGERNAME>
<AMOUNT>16.2000000</AMOUNT>
</ALLLEDGERENTRIES.LIST>
<ALLLEDGERENTRIES.LIST>
<REMOVEZEROENTRIES>No</REMOVEZEROENTRIES>
<ISDEEMEDPOSITIVE>No</ISDEEMEDPOSITIVE>
<LEDGERFROMITEM>No</LEDGERFROMITEM>
<LEDGERNAME>SHORT AND EXCESS</LEDGERNAME>
<AMOUNT>-0.200</AMOUNT>
</ALLLEDGERENTRIES.LIST>
</VOUCHER>
<VOUCHER>
<ISOPTIONAL>No</ISOPTIONAL>
<USEFORGAINLOSS>No</USEFORGAINLOSS>
<USEFORCOMPOUND>No</USEFORCOMPOUND>
<VOUCHERTYPENAME>Sales-Import-CFSM</VOUCHERTYPENAME>
<DATE>20200109</DATE>
<EFFECTIVEDATE>20200109</EFFECTIVEDATE>
<ISCANCELLED>No</ISCANCELLED>
<USETRACKINGNUMBER>No</USETRACKINGNUMBER>
<ISPOSTDATED>No</ISPOSTDATED>
<ISINVOICE>No</ISINVOICE>
<DIFFACTUALQTY>No</DIFFACTUALQTY>
<VOUCHERNUMBER>ALSH000459/19-20</VOUCHERNUMBER>
<PARTYLEDGERNAME>SUMAN METALS</PARTYLEDGERNAME>
<STATENAME>Maharashtra</STATENAME>
<NARRATION>Being amount debited towards IGM No: 2243082, BL NO: MEDUCO566631, Importer: SUMAN METALS, VOY NO: 135, Vessel: MSC MAEVA, LINER: MSC AGENCY (INDIA) PVT. LTD. and containers:  2 X 40, Invoice No: ALSH000459/19-20</NARRATION>
<PARTYGSTIN>27AAOFS2474A1Z6</PARTYGSTIN>
<ALLLEDGERENTRIES.LIST>
<REMOVEZEROENTRIES>No</REMOVEZEROENTRIES>
<ISDEEMEDPOSITIVE>Yes</ISDEEMEDPOSITIVE>
<LEDGERFROMITEM>No</LEDGERFROMITEM>
<LEDGERNAME>SUMAN METALS</LEDGERNAME>
<AMOUNT>-47436.000</AMOUNT>
<BILLALLOCATIONS.LIST>
<NAME>ALSH000459/19-20</NAME>
<BILLTYPE>New Ref</BILLTYPE>
<AMOUNT>-47436.000</AMOUNT>
</BILLALLOCATIONS.LIST>
</ALLLEDGERENTRIES.LIST>
<ALLLEDGERENTRIES.LIST>
<REMOVEZEROENTRIES>No</REMOVEZEROENTRIES>
<ISDEEMEDPOSITIVE>No</ISDEEMEDPOSITIVE>
<LEDGERFROMITEM>No</LEDGERFROMITEM>
<LEDGERNAME>Container Handling Services-Import-GST</LEDGERNAME>
<AMOUNT>23000.000</AMOUNT>
</ALLLEDGERENTRIES.LIST>
<ALLLEDGERENTRIES.LIST>
<REMOVEZEROENTRIES>No</REMOVEZEROENTRIES>
<ISDEEMEDPOSITIVE>No</ISDEEMEDPOSITIVE>
<LEDGERFROMITEM>No</LEDGERFROMITEM>
<LEDGERNAME>CGST</LEDGERNAME>
<AMOUNT>2070.0000000</AMOUNT>
</ALLLEDGERENTRIES.LIST>
<ALLLEDGERENTRIES.LIST>
<REMOVEZEROENTRIES>No</REMOVEZEROENTRIES>
<ISDEEMEDPOSITIVE>No</ISDEEMEDPOSITIVE>
<LEDGERFROMITEM>No</LEDGERFROMITEM>
<LEDGERNAME>SGST</LEDGERNAME>
<AMOUNT>2070.0000000</AMOUNT>
</ALLLEDGERENTRIES.LIST>
<ALLLEDGERENTRIES.LIST>
<REMOVEZEROENTRIES>No</REMOVEZEROENTRIES>
<ISDEEMEDPOSITIVE>No</ISDEEMEDPOSITIVE>
<LEDGERFROMITEM>No</LEDGERFROMITEM>
<LEDGERNAME>Container Handling Services-Import-GST</LEDGERNAME>
<AMOUNT>2000.000</AMOUNT>
</ALLLEDGERENTRIES.LIST>
<ALLLEDGERENTRIES.LIST>
<REMOVEZEROENTRIES>No</REMOVEZEROENTRIES>
<ISDEEMEDPOSITIVE>No</ISDEEMEDPOSITIVE>
<LEDGERFROMITEM>No</LEDGERFROMITEM>
<LEDGERNAME>CGST</LEDGERNAME>
<AMOUNT>180.0000000</AMOUNT>
</ALLLEDGERENTRIES.LIST>
<ALLLEDGERENTRIES.LIST>
<REMOVEZEROENTRIES>No</REMOVEZEROENTRIES>
<ISDEEMEDPOSITIVE>No</ISDEEMEDPOSITIVE>
<LEDGERFROMITEM>No</LEDGERFROMITEM>
<LEDGERNAME>SGST</LEDGERNAME>
<AMOUNT>180.0000000</AMOUNT>
</ALLLEDGERENTRIES.LIST>
<ALLLEDGERENTRIES.LIST>
<REMOVEZEROENTRIES>No</REMOVEZEROENTRIES>
<ISDEEMEDPOSITIVE>No</ISDEEMEDPOSITIVE>
<LEDGERFROMITEM>No</LEDGERFROMITEM>
<LEDGERNAME>Container Handling Services-Import-GST</LEDGERNAME>
<AMOUNT>13000.000</AMOUNT>
</ALLLEDGERENTRIES.LIST>
<ALLLEDGERENTRIES.LIST>
<REMOVEZEROENTRIES>No</REMOVEZEROENTRIES>
<ISDEEMEDPOSITIVE>No</ISDEEMEDPOSITIVE>
<LEDGERFROMITEM>No</LEDGERFROMITEM>
<LEDGERNAME>CGST</LEDGERNAME>
<AMOUNT>1170.0000000</AMOUNT>
</ALLLEDGERENTRIES.LIST>
<ALLLEDGERENTRIES.LIST>
<REMOVEZEROENTRIES>No</REMOVEZEROENTRIES>
<ISDEEMEDPOSITIVE>No</ISDEEMEDPOSITIVE>
<LEDGERFROMITEM>No</LEDGERFROMITEM>
<LEDGERNAME>SGST</LEDGERNAME>
<AMOUNT>1170.0000000</AMOUNT>
</ALLLEDGERENTRIES.LIST>
<ALLLEDGERENTRIES.LIST>
<REMOVEZEROENTRIES>No</REMOVEZEROENTRIES>
<ISDEEMEDPOSITIVE>No</ISDEEMEDPOSITIVE>
<LEDGERFROMITEM>No</LEDGERFROMITEM>
<LEDGERNAME>Container Handling Services-Import-GST</LEDGERNAME>
<AMOUNT>2200.000</AMOUNT>
</ALLLEDGERENTRIES.LIST>
<ALLLEDGERENTRIES.LIST>
<REMOVEZEROENTRIES>No</REMOVEZEROENTRIES>
<ISDEEMEDPOSITIVE>No</ISDEEMEDPOSITIVE>
<LEDGERFROMITEM>No</LEDGERFROMITEM>
<LEDGERNAME>CGST</LEDGERNAME>
<AMOUNT>198.0000000</AMOUNT>
</ALLLEDGERENTRIES.LIST>
<ALLLEDGERENTRIES.LIST>
<REMOVEZEROENTRIES>No</REMOVEZEROENTRIES>
<ISDEEMEDPOSITIVE>No</ISDEEMEDPOSITIVE>
<LEDGERFROMITEM>No</LEDGERFROMITEM>
<LEDGERNAME>SGST</LEDGERNAME>
<AMOUNT>198.0000000</AMOUNT>
</ALLLEDGERENTRIES.LIST>
<ALLLEDGERENTRIES.LIST>
<REMOVEZEROENTRIES>No</REMOVEZEROENTRIES>
<ISDEEMEDPOSITIVE>No</ISDEEMEDPOSITIVE>
<LEDGERFROMITEM>No</LEDGERFROMITEM>
<LEDGERNAME>SHORT AND EXCESS</LEDGERNAME>
<AMOUNT>0.000</AMOUNT>
</ALLLEDGERENTRIES.LIST>
</VOUCHER>
<VOUCHER>
<ISOPTIONAL>No</ISOPTIONAL>
<USEFORGAINLOSS>No</USEFORGAINLOSS>
<USEFORCOMPOUND>No</USEFORCOMPOUND>
<VOUCHERTYPENAME>Sales-Import-CFSM</VOUCHERTYPENAME>
<DATE>20200109</DATE>
<EFFECTIVEDATE>20200109</EFFECTIVEDATE>
<ISCANCELLED>No</ISCANCELLED>
<USETRACKINGNUMBER>No</USETRACKINGNUMBER>
<ISPOSTDATED>No</ISPOSTDATED>
<ISINVOICE>No</ISINVOICE>
<DIFFACTUALQTY>No</DIFFACTUALQTY>
<VOUCHERNUMBER>ALSH000460/19-20</VOUCHERNUMBER>
<PARTYLEDGERNAME>PADMAVATI TUBE</PARTYLEDGERNAME>
<STATENAME>Maharashtra</STATENAME>
<NARRATION>Being amount debited towards IGM No: 2243178, BL NO: MEDUG3380797, Importer: PADMAVATI TUBE   SHOP NO. 9 SILVER, VOY NO: 135, Vessel: YORK, LINER: MSC LINE OffDocTHC and containers:  1 X 40, Invoice No: ALSH000460/19-20</NARRATION>
<PARTYGSTIN>27AKHPB9740K1ZW</PARTYGSTIN>
<ALLLEDGERENTRIES.LIST>
<REMOVEZEROENTRIES>No</REMOVEZEROENTRIES>
<ISDEEMEDPOSITIVE>Yes</ISDEEMEDPOSITIVE>
<LEDGERFROMITEM>No</LEDGERFROMITEM>
<LEDGERNAME>PADMAVATI TUBE</LEDGERNAME>
<AMOUNT>-29146.000</AMOUNT>
<BILLALLOCATIONS.LIST>
<NAME>ALSH000460/19-20</NAME>
<BILLTYPE>New Ref</BILLTYPE>
<AMOUNT>-29146.000</AMOUNT>
</BILLALLOCATIONS.LIST>
</ALLLEDGERENTRIES.LIST>
<ALLLEDGERENTRIES.LIST>
<REMOVEZEROENTRIES>No</REMOVEZEROENTRIES>
<ISDEEMEDPOSITIVE>No</ISDEEMEDPOSITIVE>
<LEDGERFROMITEM>No</LEDGERFROMITEM>
<LEDGERNAME>Container Handling Services-Import-GST</LEDGERNAME>
<AMOUNT>11500.000</AMOUNT>
</ALLLEDGERENTRIES.LIST>
<ALLLEDGERENTRIES.LIST>
<REMOVEZEROENTRIES>No</REMOVEZEROENTRIES>
<ISDEEMEDPOSITIVE>No</ISDEEMEDPOSITIVE>
<LEDGERFROMITEM>No</LEDGERFROMITEM>
<LEDGERNAME>CGST</LEDGERNAME>
<AMOUNT>1035.0000000</AMOUNT>
</ALLLEDGERENTRIES.LIST>
<ALLLEDGERENTRIES.LIST>
<REMOVEZEROENTRIES>No</REMOVEZEROENTRIES>
<ISDEEMEDPOSITIVE>No</ISDEEMEDPOSITIVE>
<LEDGERFROMITEM>No</LEDGERFROMITEM>
<LEDGERNAME>SGST</LEDGERNAME>
<AMOUNT>1035.0000000</AMOUNT>
</ALLLEDGERENTRIES.LIST>
<ALLLEDGERENTRIES.LIST>
<REMOVEZEROENTRIES>No</REMOVEZEROENTRIES>
<ISDEEMEDPOSITIVE>No</ISDEEMEDPOSITIVE>
<LEDGERFROMITEM>No</LEDGERFROMITEM>
<LEDGERNAME>Container Handling Services-Import-GST</LEDGERNAME>
<AMOUNT>2000.000</AMOUNT>
</ALLLEDGERENTRIES.LIST>
<ALLLEDGERENTRIES.LIST>
<REMOVEZEROENTRIES>No</REMOVEZEROENTRIES>
<ISDEEMEDPOSITIVE>No</ISDEEMEDPOSITIVE>
<LEDGERFROMITEM>No</LEDGERFROMITEM>
<LEDGERNAME>CGST</LEDGERNAME>
<AMOUNT>180.0000000</AMOUNT>
</ALLLEDGERENTRIES.LIST>
<ALLLEDGERENTRIES.LIST>
<REMOVEZEROENTRIES>No</REMOVEZEROENTRIES>
<ISDEEMEDPOSITIVE>No</ISDEEMEDPOSITIVE>
<LEDGERFROMITEM>No</LEDGERFROMITEM>
<LEDGERNAME>SGST</LEDGERNAME>
<AMOUNT>180.0000000</AMOUNT>
</ALLLEDGERENTRIES.LIST>
<ALLLEDGERENTRIES.LIST>
<REMOVEZEROENTRIES>No</REMOVEZEROENTRIES>
<ISDEEMEDPOSITIVE>No</ISDEEMEDPOSITIVE>
<LEDGERFROMITEM>No</LEDGERFROMITEM>
<LEDGERNAME>Container Handling Services-Import-GST</LEDGERNAME>
<AMOUNT>400.000</AMOUNT>
</ALLLEDGERENTRIES.LIST>
<ALLLEDGERENTRIES.LIST>
<REMOVEZEROENTRIES>No</REMOVEZEROENTRIES>
<ISDEEMEDPOSITIVE>No</ISDEEMEDPOSITIVE>
<LEDGERFROMITEM>No</LEDGERFROMITEM>
<LEDGERNAME>CGST</LEDGERNAME>
<AMOUNT>36.0000000</AMOUNT>
</ALLLEDGERENTRIES.LIST>
<ALLLEDGERENTRIES.LIST>
<REMOVEZEROENTRIES>No</REMOVEZEROENTRIES>
<ISDEEMEDPOSITIVE>No</ISDEEMEDPOSITIVE>
<LEDGERFROMITEM>No</LEDGERFROMITEM>
<LEDGERNAME>SGST</LEDGERNAME>
<AMOUNT>36.0000000</AMOUNT>
</ALLLEDGERENTRIES.LIST>
<ALLLEDGERENTRIES.LIST>
<REMOVEZEROENTRIES>No</REMOVEZEROENTRIES>
<ISDEEMEDPOSITIVE>No</ISDEEMEDPOSITIVE>
<LEDGERFROMITEM>No</LEDGERFROMITEM>
<LEDGERNAME>Container Handling Services-Import-GST</LEDGERNAME>
<AMOUNT>1800.000</AMOUNT>
</ALLLEDGERENTRIES.LIST>
<ALLLEDGERENTRIES.LIST>
<REMOVEZEROENTRIES>No</REMOVEZEROENTRIES>
<ISDEEMEDPOSITIVE>No</ISDEEMEDPOSITIVE>
<LEDGERFROMITEM>No</LEDGERFROMITEM>
<LEDGERNAME>CGST</LEDGERNAME>
<AMOUNT>162.0000000</AMOUNT>
</ALLLEDGERENTRIES.LIST>
<ALLLEDGERENTRIES.LIST>
<REMOVEZEROENTRIES>No</REMOVEZEROENTRIES>
<ISDEEMEDPOSITIVE>No</ISDEEMEDPOSITIVE>
<LEDGERFROMITEM>No</LEDGERFROMITEM>
<LEDGERNAME>SGST</LEDGERNAME>
<AMOUNT>162.0000000</AMOUNT>
</ALLLEDGERENTRIES.LIST>
<ALLLEDGERENTRIES.LIST>
<REMOVEZEROENTRIES>No</REMOVEZEROENTRIES>
<ISDEEMEDPOSITIVE>No</ISDEEMEDPOSITIVE>
<LEDGERFROMITEM>No</LEDGERFROMITEM>
<LEDGERNAME>Container Handling Services-Import-GST</LEDGERNAME>
<AMOUNT>1800.000</AMOUNT>
</ALLLEDGERENTRIES.LIST>
<ALLLEDGERENTRIES.LIST>
<REMOVEZEROENTRIES>No</REMOVEZEROENTRIES>
<ISDEEMEDPOSITIVE>No</ISDEEMEDPOSITIVE>
<LEDGERFROMITEM>No</LEDGERFROMITEM>
<LEDGERNAME>CGST</LEDGERNAME>
<AMOUNT>162.0000000</AMOUNT>
</ALLLEDGERENTRIES.LIST>
<ALLLEDGERENTRIES.LIST>
<REMOVEZEROENTRIES>No</REMOVEZEROENTRIES>
<ISDEEMEDPOSITIVE>No</ISDEEMEDPOSITIVE>
<LEDGERFROMITEM>No</LEDGERFROMITEM>
<LEDGERNAME>SGST</LEDGERNAME>
<AMOUNT>162.0000000</AMOUNT>
</ALLLEDGERENTRIES.LIST>
<ALLLEDGERENTRIES.LIST>
<REMOVEZEROENTRIES>No</REMOVEZEROENTRIES>
<ISDEEMEDPOSITIVE>No</ISDEEMEDPOSITIVE>
<LEDGERFROMITEM>No</LEDGERFROMITEM>
<LEDGERNAME>Container Handling Services-Import-GST</LEDGERNAME>
<AMOUNT>600.000</AMOUNT>
</ALLLEDGERENTRIES.LIST>
<ALLLEDGERENTRIES.LIST>
<REMOVEZEROENTRIES>No</REMOVEZEROENTRIES>
<ISDEEMEDPOSITIVE>No</ISDEEMEDPOSITIVE>
<LEDGERFROMITEM>No</LEDGERFROMITEM>
<LEDGERNAME>CGST</LEDGERNAME>
<AMOUNT>54.0000000</AMOUNT>
</ALLLEDGERENTRIES.LIST>
<ALLLEDGERENTRIES.LIST>
<REMOVEZEROENTRIES>No</REMOVEZEROENTRIES>
<ISDEEMEDPOSITIVE>No</ISDEEMEDPOSITIVE>
<LEDGERFROMITEM>No</LEDGERFROMITEM>
<LEDGERNAME>SGST</LEDGERNAME>
<AMOUNT>54.0000000</AMOUNT>
</ALLLEDGERENTRIES.LIST>
<ALLLEDGERENTRIES.LIST>
<REMOVEZEROENTRIES>No</REMOVEZEROENTRIES>
<ISDEEMEDPOSITIVE>No</ISDEEMEDPOSITIVE>
<LEDGERFROMITEM>No</LEDGERFROMITEM>
<LEDGERNAME>Container Handling Services-Import-GST</LEDGERNAME>
<AMOUNT>5500.000</AMOUNT>
</ALLLEDGERENTRIES.LIST>
<ALLLEDGERENTRIES.LIST>
<REMOVEZEROENTRIES>No</REMOVEZEROENTRIES>
<ISDEEMEDPOSITIVE>No</ISDEEMEDPOSITIVE>
<LEDGERFROMITEM>No</LEDGERFROMITEM>
<LEDGERNAME>CGST</LEDGERNAME>
<AMOUNT>495.0000000</AMOUNT>
</ALLLEDGERENTRIES.LIST>
<ALLLEDGERENTRIES.LIST>
<REMOVEZEROENTRIES>No</REMOVEZEROENTRIES>
<ISDEEMEDPOSITIVE>No</ISDEEMEDPOSITIVE>
<LEDGERFROMITEM>No</LEDGERFROMITEM>
<LEDGERNAME>SGST</LEDGERNAME>
<AMOUNT>495.0000000</AMOUNT>
</ALLLEDGERENTRIES.LIST>
<ALLLEDGERENTRIES.LIST>
<REMOVEZEROENTRIES>No</REMOVEZEROENTRIES>
<ISDEEMEDPOSITIVE>No</ISDEEMEDPOSITIVE>
<LEDGERFROMITEM>No</LEDGERFROMITEM>
<LEDGERNAME>Container Handling Services-Import-GST</LEDGERNAME>
<AMOUNT>1100.000</AMOUNT>
</ALLLEDGERENTRIES.LIST>
<ALLLEDGERENTRIES.LIST>
<REMOVEZEROENTRIES>No</REMOVEZEROENTRIES>
<ISDEEMEDPOSITIVE>No</ISDEEMEDPOSITIVE>
<LEDGERFROMITEM>No</LEDGERFROMITEM>
<LEDGERNAME>CGST</LEDGERNAME>
<AMOUNT>99.0000000</AMOUNT>
</ALLLEDGERENTRIES.LIST>
<ALLLEDGERENTRIES.LIST>
<REMOVEZEROENTRIES>No</REMOVEZEROENTRIES>
<ISDEEMEDPOSITIVE>No</ISDEEMEDPOSITIVE>
<LEDGERFROMITEM>No</LEDGERFROMITEM>
<LEDGERNAME>SGST</LEDGERNAME>
<AMOUNT>99.0000000</AMOUNT>
</ALLLEDGERENTRIES.LIST>
<ALLLEDGERENTRIES.LIST>
<REMOVEZEROENTRIES>No</REMOVEZEROENTRIES>
<ISDEEMEDPOSITIVE>No</ISDEEMEDPOSITIVE>
<LEDGERFROMITEM>No</LEDGERFROMITEM>
<LEDGERNAME>SHORT AND EXCESS</LEDGERNAME>
<AMOUNT>0.000</AMOUNT>
</ALLLEDGERENTRIES.LIST>
</VOUCHER>
<VOUCHER>
<ISOPTIONAL>No</ISOPTIONAL>
<USEFORGAINLOSS>No</USEFORGAINLOSS>
<USEFORCOMPOUND>No</USEFORCOMPOUND>
<VOUCHERTYPENAME>Sales-Import-CFSM</VOUCHERTYPENAME>
<DATE>20200109</DATE>
<EFFECTIVEDATE>20200109</EFFECTIVEDATE>
<ISCANCELLED>No</ISCANCELLED>
<USETRACKINGNUMBER>No</USETRACKINGNUMBER>
<ISPOSTDATED>No</ISPOSTDATED>
<ISINVOICE>No</ISINVOICE>
<DIFFACTUALQTY>No</DIFFACTUALQTY>
<VOUCHERNUMBER>ALSI012546/19-20</VOUCHERNUMBER>
<PARTYLEDGERNAME>Canlinx Logistics India P. Ltd.</PARTYLEDGERNAME>
<STATENAME>Maharashtra</STATENAME>
<NARRATION>Being amount debited towards IGM No: 2243250, BL NO: COAU7221027440, Importer: NARSING TEXTILES INDUSTRIES PVT LTD, VOY NO: 949W, Vessel: MAERSK TAURUS, LINER: Cosco(OffdocTHC) Shipping Line and containers:  1 X 40, Invoice No: ALSI012546/19-20</NARRATION>
<PARTYGSTIN>27AADCC1063H1ZY</PARTYGSTIN>
<ALLLEDGERENTRIES.LIST>
<REMOVEZEROENTRIES>No</REMOVEZEROENTRIES>
<ISDEEMEDPOSITIVE>Yes</ISDEEMEDPOSITIVE>
<LEDGERFROMITEM>No</LEDGERFROMITEM>
<LEDGERNAME>Canlinx Logistics India P. Ltd.</LEDGERNAME>
<AMOUNT>-28863.000</AMOUNT>
<BILLALLOCATIONS.LIST>
<NAME>ALSI012546/19-20</NAME>
<BILLTYPE>New Ref</BILLTYPE>
<AMOUNT>-28863.000</AMOUNT>
</BILLALLOCATIONS.LIST>
</ALLLEDGERENTRIES.LIST>
<ALLLEDGERENTRIES.LIST>
<REMOVEZEROENTRIES>No</REMOVEZEROENTRIES>
<ISDEEMEDPOSITIVE>No</ISDEEMEDPOSITIVE>
<LEDGERFROMITEM>No</LEDGERFROMITEM>
<LEDGERNAME>Container Handling Services-Import-GST</LEDGERNAME>
<AMOUNT>10980.000</AMOUNT>
</ALLLEDGERENTRIES.LIST>
<ALLLEDGERENTRIES.LIST>
<REMOVEZEROENTRIES>No</REMOVEZEROENTRIES>
<ISDEEMEDPOSITIVE>No</ISDEEMEDPOSITIVE>
<LEDGERFROMITEM>No</LEDGERFROMITEM>
<LEDGERNAME>CGST</LEDGERNAME>
<AMOUNT>988.2000000</AMOUNT>
</ALLLEDGERENTRIES.LIST>
<ALLLEDGERENTRIES.LIST>
<REMOVEZEROENTRIES>No</REMOVEZEROENTRIES>
<ISDEEMEDPOSITIVE>No</ISDEEMEDPOSITIVE>
<LEDGERFROMITEM>No</LEDGERFROMITEM>
<LEDGERNAME>SGST</LEDGERNAME>
<AMOUNT>988.2000000</AMOUNT>
</ALLLEDGERENTRIES.LIST>
<ALLLEDGERENTRIES.LIST>
<REMOVEZEROENTRIES>No</REMOVEZEROENTRIES>
<ISDEEMEDPOSITIVE>No</ISDEEMEDPOSITIVE>
<LEDGERFROMITEM>No</LEDGERFROMITEM>
<LEDGERNAME>Other Storage and Warehousing Services-Import-GST</LEDGERNAME>
<AMOUNT>5900.000</AMOUNT>
</ALLLEDGERENTRIES.LIST>
<ALLLEDGERENTRIES.LIST>
<REMOVEZEROENTRIES>No</REMOVEZEROENTRIES>
<ISDEEMEDPOSITIVE>No</ISDEEMEDPOSITIVE>
<LEDGERFROMITEM>No</LEDGERFROMITEM>
<LEDGERNAME>CGST</LEDGERNAME>
<AMOUNT>531.0000000</AMOUNT>
</ALLLEDGERENTRIES.LIST>
<ALLLEDGERENTRIES.LIST>
<REMOVEZEROENTRIES>No</REMOVEZEROENTRIES>
<ISDEEMEDPOSITIVE>No</ISDEEMEDPOSITIVE>
<LEDGERFROMITEM>No</LEDGERFROMITEM>
<LEDGERNAME>SGST</LEDGERNAME>
<AMOUNT>531.0000000</AMOUNT>
</ALLLEDGERENTRIES.LIST>
<ALLLEDGERENTRIES.LIST>
<REMOVEZEROENTRIES>No</REMOVEZEROENTRIES>
<ISDEEMEDPOSITIVE>No</ISDEEMEDPOSITIVE>
<LEDGERFROMITEM>No</LEDGERFROMITEM>
<LEDGERNAME>Container Handling Services-Import-GST</LEDGERNAME>
<AMOUNT>2400.000</AMOUNT>
</ALLLEDGERENTRIES.LIST>
<ALLLEDGERENTRIES.LIST>
<REMOVEZEROENTRIES>No</REMOVEZEROENTRIES>
<ISDEEMEDPOSITIVE>No</ISDEEMEDPOSITIVE>
<LEDGERFROMITEM>No</LEDGERFROMITEM>
<LEDGERNAME>CGST</LEDGERNAME>
<AMOUNT>216.0000000</AMOUNT>
</ALLLEDGERENTRIES.LIST>
<ALLLEDGERENTRIES.LIST>
<REMOVEZEROENTRIES>No</REMOVEZEROENTRIES>
<ISDEEMEDPOSITIVE>No</ISDEEMEDPOSITIVE>
<LEDGERFROMITEM>No</LEDGERFROMITEM>
<LEDGERNAME>SGST</LEDGERNAME>
<AMOUNT>216.0000000</AMOUNT>
</ALLLEDGERENTRIES.LIST>
<ALLLEDGERENTRIES.LIST>
<REMOVEZEROENTRIES>No</REMOVEZEROENTRIES>
<ISDEEMEDPOSITIVE>No</ISDEEMEDPOSITIVE>
<LEDGERFROMITEM>No</LEDGERFROMITEM>
<LEDGERNAME>Container Handling Services-Import-GST</LEDGERNAME>
<AMOUNT>50.000</AMOUNT>
</ALLLEDGERENTRIES.LIST>
<ALLLEDGERENTRIES.LIST>
<REMOVEZEROENTRIES>No</REMOVEZEROENTRIES>
<ISDEEMEDPOSITIVE>No</ISDEEMEDPOSITIVE>
<LEDGERFROMITEM>No</LEDGERFROMITEM>
<LEDGERNAME>CGST</LEDGERNAME>
<AMOUNT>4.5000000</AMOUNT>
</ALLLEDGERENTRIES.LIST>
<ALLLEDGERENTRIES.LIST>
<REMOVEZEROENTRIES>No</REMOVEZEROENTRIES>
<ISDEEMEDPOSITIVE>No</ISDEEMEDPOSITIVE>
<LEDGERFROMITEM>No</LEDGERFROMITEM>
<LEDGERNAME>SGST</LEDGERNAME>
<AMOUNT>4.5000000</AMOUNT>
</ALLLEDGERENTRIES.LIST>
<ALLLEDGERENTRIES.LIST>
<REMOVEZEROENTRIES>No</REMOVEZEROENTRIES>
<ISDEEMEDPOSITIVE>No</ISDEEMEDPOSITIVE>
<LEDGERFROMITEM>No</LEDGERFROMITEM>
<LEDGERNAME>Container Handling Services-Import-GST</LEDGERNAME>
<AMOUNT>30.000</AMOUNT>
</ALLLEDGERENTRIES.LIST>
<ALLLEDGERENTRIES.LIST>
<REMOVEZEROENTRIES>No</REMOVEZEROENTRIES>
<ISDEEMEDPOSITIVE>No</ISDEEMEDPOSITIVE>
<LEDGERFROMITEM>No</LEDGERFROMITEM>
<LEDGERNAME>CGST</LEDGERNAME>
<AMOUNT>2.7000000</AMOUNT>
</ALLLEDGERENTRIES.LIST>
<ALLLEDGERENTRIES.LIST>
<REMOVEZEROENTRIES>No</REMOVEZEROENTRIES>
<ISDEEMEDPOSITIVE>No</ISDEEMEDPOSITIVE>
<LEDGERFROMITEM>No</LEDGERFROMITEM>
<LEDGERNAME>SGST</LEDGERNAME>
<AMOUNT>2.7000000</AMOUNT>
</ALLLEDGERENTRIES.LIST>
<ALLLEDGERENTRIES.LIST>
<REMOVEZEROENTRIES>No</REMOVEZEROENTRIES>
<ISDEEMEDPOSITIVE>No</ISDEEMEDPOSITIVE>
<LEDGERFROMITEM>No</LEDGERFROMITEM>
<LEDGERNAME>Container Handling Services-Import-GST</LEDGERNAME>
<AMOUNT>400.000</AMOUNT>
</ALLLEDGERENTRIES.LIST>
<ALLLEDGERENTRIES.LIST>
<REMOVEZEROENTRIES>No</REMOVEZEROENTRIES>
<ISDEEMEDPOSITIVE>No</ISDEEMEDPOSITIVE>
<LEDGERFROMITEM>No</LEDGERFROMITEM>
<LEDGERNAME>CGST</LEDGERNAME>
<AMOUNT>36.0000000</AMOUNT>
</ALLLEDGERENTRIES.LIST>
<ALLLEDGERENTRIES.LIST>
<REMOVEZEROENTRIES>No</REMOVEZEROENTRIES>
<ISDEEMEDPOSITIVE>No</ISDEEMEDPOSITIVE>
<LEDGERFROMITEM>No</LEDGERFROMITEM>
<LEDGERNAME>SGST</LEDGERNAME>
<AMOUNT>36.0000000</AMOUNT>
</ALLLEDGERENTRIES.LIST>
<ALLLEDGERENTRIES.LIST>
<REMOVEZEROENTRIES>No</REMOVEZEROENTRIES>
<ISDEEMEDPOSITIVE>No</ISDEEMEDPOSITIVE>
<LEDGERFROMITEM>No</LEDGERFROMITEM>
<LEDGERNAME>Container Handling Services-Import-GST</LEDGERNAME>
<AMOUNT>2400.000</AMOUNT>
</ALLLEDGERENTRIES.LIST>
<ALLLEDGERENTRIES.LIST>
<REMOVEZEROENTRIES>No</REMOVEZEROENTRIES>
<ISDEEMEDPOSITIVE>No</ISDEEMEDPOSITIVE>
<LEDGERFROMITEM>No</LEDGERFROMITEM>
<LEDGERNAME>CGST</LEDGERNAME>
<AMOUNT>216.0000000</AMOUNT>
</ALLLEDGERENTRIES.LIST>
<ALLLEDGERENTRIES.LIST>
<REMOVEZEROENTRIES>No</REMOVEZEROENTRIES>
<ISDEEMEDPOSITIVE>No</ISDEEMEDPOSITIVE>
<LEDGERFROMITEM>No</LEDGERFROMITEM>
<LEDGERNAME>SGST</LEDGERNAME>
<AMOUNT>216.0000000</AMOUNT>
</ALLLEDGERENTRIES.LIST>
<ALLLEDGERENTRIES.LIST>
<REMOVEZEROENTRIES>No</REMOVEZEROENTRIES>
<ISDEEMEDPOSITIVE>No</ISDEEMEDPOSITIVE>
<LEDGERFROMITEM>No</LEDGERFROMITEM>
<LEDGERNAME>Container Handling Services-Import-GST</LEDGERNAME>
<AMOUNT>1200.000</AMOUNT>
</ALLLEDGERENTRIES.LIST>
<ALLLEDGERENTRIES.LIST>
<REMOVEZEROENTRIES>No</REMOVEZEROENTRIES>
<ISDEEMEDPOSITIVE>No</ISDEEMEDPOSITIVE>
<LEDGERFROMITEM>No</LEDGERFROMITEM>
<LEDGERNAME>CGST</LEDGERNAME>
<AMOUNT>108.0000000</AMOUNT>
</ALLLEDGERENTRIES.LIST>
<ALLLEDGERENTRIES.LIST>
<REMOVEZEROENTRIES>No</REMOVEZEROENTRIES>
<ISDEEMEDPOSITIVE>No</ISDEEMEDPOSITIVE>
<LEDGERFROMITEM>No</LEDGERFROMITEM>
<LEDGERNAME>SGST</LEDGERNAME>
<AMOUNT>108.0000000</AMOUNT>
</ALLLEDGERENTRIES.LIST>
<ALLLEDGERENTRIES.LIST>
<REMOVEZEROENTRIES>No</REMOVEZEROENTRIES>
<ISDEEMEDPOSITIVE>No</ISDEEMEDPOSITIVE>
<LEDGERFROMITEM>No</LEDGERFROMITEM>
<LEDGERNAME>Container Handling Services-Import-GST</LEDGERNAME>
<AMOUNT>1100.000</AMOUNT>
</ALLLEDGERENTRIES.LIST>
<ALLLEDGERENTRIES.LIST>
<REMOVEZEROENTRIES>No</REMOVEZEROENTRIES>
<ISDEEMEDPOSITIVE>No</ISDEEMEDPOSITIVE>
<LEDGERFROMITEM>No</LEDGERFROMITEM>
<LEDGERNAME>CGST</LEDGERNAME>
<AMOUNT>99.0000000</AMOUNT>
</ALLLEDGERENTRIES.LIST>
<ALLLEDGERENTRIES.LIST>
<REMOVEZEROENTRIES>No</REMOVEZEROENTRIES>
<ISDEEMEDPOSITIVE>No</ISDEEMEDPOSITIVE>
<LEDGERFROMITEM>No</LEDGERFROMITEM>
<LEDGERNAME>SGST</LEDGERNAME>
<AMOUNT>99.0000000</AMOUNT>
</ALLLEDGERENTRIES.LIST>
<ALLLEDGERENTRIES.LIST>
<REMOVEZEROENTRIES>No</REMOVEZEROENTRIES>
<ISDEEMEDPOSITIVE>No</ISDEEMEDPOSITIVE>
<LEDGERFROMITEM>No</LEDGERFROMITEM>
<LEDGERNAME>SHORT AND EXCESS</LEDGERNAME>
<AMOUNT>0.200</AMOUNT>
</ALLLEDGERENTRIES.LIST>
</VOUCHER>
<VOUCHER>
<ISOPTIONAL>No</ISOPTIONAL>
<USEFORGAINLOSS>No</USEFORGAINLOSS>
<USEFORCOMPOUND>No</USEFORCOMPOUND>
<VOUCHERTYPENAME>Sales-Import-CFSM</VOUCHERTYPENAME>
<DATE>20200109</DATE>
<EFFECTIVEDATE>20200109</EFFECTIVEDATE>
<ISCANCELLED>No</ISCANCELLED>
<USETRACKINGNUMBER>No</USETRACKINGNUMBER>
<ISPOSTDATED>No</ISPOSTDATED>
<ISINVOICE>No</ISINVOICE>
<DIFFACTUALQTY>No</DIFFACTUALQTY>
<VOUCHERNUMBER>ALSH000461/19-20</VOUCHERNUMBER>
<PARTYLEDGERNAME>SHREE RAMDEV METALEX LLP</PARTYLEDGERNAME>
<STATENAME>Maharashtra</STATENAME>
<NARRATION>Being amount debited towards IGM No: 2241554, BL NO: MEDUJ1250169, Importer: SHREE RAMDEV METALEX LLP, VOY NO: XA950A, Vessel: MSC DARDANELLES, LINER: MSC LINE OffDocTHC and containers:  1 X 20, Invoice No: ALSH000461/19-20</NARRATION>
<PARTYGSTIN>27ACYFS7152H1ZD</PARTYGSTIN>
<ALLLEDGERENTRIES.LIST>
<REMOVEZEROENTRIES>No</REMOVEZEROENTRIES>
<ISDEEMEDPOSITIVE>Yes</ISDEEMEDPOSITIVE>
<LEDGERFROMITEM>No</LEDGERFROMITEM>
<LEDGERNAME>SHREE RAMDEV METALEX LLP</LEDGERNAME>
<AMOUNT>-39530.000</AMOUNT>
<BILLALLOCATIONS.LIST>
<NAME>ALSH000461/19-20</NAME>
<BILLTYPE>New Ref</BILLTYPE>
<AMOUNT>-39530.000</AMOUNT>
</BILLALLOCATIONS.LIST>
</ALLLEDGERENTRIES.LIST>
<ALLLEDGERENTRIES.LIST>
<REMOVEZEROENTRIES>No</REMOVEZEROENTRIES>
<ISDEEMEDPOSITIVE>No</ISDEEMEDPOSITIVE>
<LEDGERFROMITEM>No</LEDGERFROMITEM>
<LEDGERNAME>Container Handling Services-Import-GST</LEDGERNAME>
<AMOUNT>8000.000</AMOUNT>
</ALLLEDGERENTRIES.LIST>
<ALLLEDGERENTRIES.LIST>
<REMOVEZEROENTRIES>No</REMOVEZEROENTRIES>
<ISDEEMEDPOSITIVE>No</ISDEEMEDPOSITIVE>
<LEDGERFROMITEM>No</LEDGERFROMITEM>
<LEDGERNAME>CGST</LEDGERNAME>
<AMOUNT>720.0000000</AMOUNT>
</ALLLEDGERENTRIES.LIST>
<ALLLEDGERENTRIES.LIST>
<REMOVEZEROENTRIES>No</REMOVEZEROENTRIES>
<ISDEEMEDPOSITIVE>No</ISDEEMEDPOSITIVE>
<LEDGERFROMITEM>No</LEDGERFROMITEM>
<LEDGERNAME>SGST</LEDGERNAME>
<AMOUNT>720.0000000</AMOUNT>
</ALLLEDGERENTRIES.LIST>
<ALLLEDGERENTRIES.LIST>
<REMOVEZEROENTRIES>No</REMOVEZEROENTRIES>
<ISDEEMEDPOSITIVE>No</ISDEEMEDPOSITIVE>
<LEDGERFROMITEM>No</LEDGERFROMITEM>
<LEDGERNAME>Other Storage and Warehousing Services-Import-GST</LEDGERNAME>
<AMOUNT>18450.000</AMOUNT>
</ALLLEDGERENTRIES.LIST>
<ALLLEDGERENTRIES.LIST>
<REMOVEZEROENTRIES>No</REMOVEZEROENTRIES>
<ISDEEMEDPOSITIVE>No</ISDEEMEDPOSITIVE>
<LEDGERFROMITEM>No</LEDGERFROMITEM>
<LEDGERNAME>CGST</LEDGERNAME>
<AMOUNT>1660.5000000</AMOUNT>
</ALLLEDGERENTRIES.LIST>
<ALLLEDGERENTRIES.LIST>
<REMOVEZEROENTRIES>No</REMOVEZEROENTRIES>
<ISDEEMEDPOSITIVE>No</ISDEEMEDPOSITIVE>
<LEDGERFROMITEM>No</LEDGERFROMITEM>
<LEDGERNAME>SGST</LEDGERNAME>
<AMOUNT>1660.5000000</AMOUNT>
</ALLLEDGERENTRIES.LIST>
<ALLLEDGERENTRIES.LIST>
<REMOVEZEROENTRIES>No</REMOVEZEROENTRIES>
<ISDEEMEDPOSITIVE>No</ISDEEMEDPOSITIVE>
<LEDGERFROMITEM>No</LEDGERFROMITEM>
<LEDGERNAME>Container Handling Services-Import-GST</LEDGERNAME>
<AMOUNT>6500.000</AMOUNT>
</ALLLEDGERENTRIES.LIST>
<ALLLEDGERENTRIES.LIST>
<REMOVEZEROENTRIES>No</REMOVEZEROENTRIES>
<ISDEEMEDPOSITIVE>No</ISDEEMEDPOSITIVE>
<LEDGERFROMITEM>No</LEDGERFROMITEM>
<LEDGERNAME>CGST</LEDGERNAME>
<AMOUNT>585.0000000</AMOUNT>
</ALLLEDGERENTRIES.LIST>
<ALLLEDGERENTRIES.LIST>
<REMOVEZEROENTRIES>No</REMOVEZEROENTRIES>
<ISDEEMEDPOSITIVE>No</ISDEEMEDPOSITIVE>
<LEDGERFROMITEM>No</LEDGERFROMITEM>
<LEDGERNAME>SGST</LEDGERNAME>
<AMOUNT>585.0000000</AMOUNT>
</ALLLEDGERENTRIES.LIST>
<ALLLEDGERENTRIES.LIST>
<REMOVEZEROENTRIES>No</REMOVEZEROENTRIES>
<ISDEEMEDPOSITIVE>No</ISDEEMEDPOSITIVE>
<LEDGERFROMITEM>No</LEDGERFROMITEM>
<LEDGERNAME>Container Handling Services-Import-GST</LEDGERNAME>
<AMOUNT>550.000</AMOUNT>
</ALLLEDGERENTRIES.LIST>
<ALLLEDGERENTRIES.LIST>
<REMOVEZEROENTRIES>No</REMOVEZEROENTRIES>
<ISDEEMEDPOSITIVE>No</ISDEEMEDPOSITIVE>
<LEDGERFROMITEM>No</LEDGERFROMITEM>
<LEDGERNAME>CGST</LEDGERNAME>
<AMOUNT>49.5000000</AMOUNT>
</ALLLEDGERENTRIES.LIST>
<ALLLEDGERENTRIES.LIST>
<REMOVEZEROENTRIES>No</REMOVEZEROENTRIES>
<ISDEEMEDPOSITIVE>No</ISDEEMEDPOSITIVE>
<LEDGERFROMITEM>No</LEDGERFROMITEM>
<LEDGERNAME>SGST</LEDGERNAME>
<AMOUNT>49.5000000</AMOUNT>
</ALLLEDGERENTRIES.LIST>
<ALLLEDGERENTRIES.LIST>
<REMOVEZEROENTRIES>No</REMOVEZEROENTRIES>
<ISDEEMEDPOSITIVE>No</ISDEEMEDPOSITIVE>
<LEDGERFROMITEM>No</LEDGERFROMITEM>
<LEDGERNAME>SHORT AND EXCESS</LEDGERNAME>
<AMOUNT>0.000</AMOUNT>
</ALLLEDGERENTRIES.LIST>
</VOUCHER>
<VOUCHER>
<ISOPTIONAL>No</ISOPTIONAL>
<USEFORGAINLOSS>No</USEFORGAINLOSS>
<USEFORCOMPOUND>No</USEFORCOMPOUND>
<VOUCHERTYPENAME>Sales-Import-CFSM</VOUCHERTYPENAME>
<DATE>20200109</DATE>
<EFFECTIVEDATE>20200109</EFFECTIVEDATE>
<ISCANCELLED>No</ISCANCELLED>
<USETRACKINGNUMBER>No</USETRACKINGNUMBER>
<ISPOSTDATED>No</ISPOSTDATED>
<ISINVOICE>No</ISINVOICE>
<DIFFACTUALQTY>No</DIFFACTUALQTY>
<VOUCHERNUMBER>ALSH000462/19-20</VOUCHERNUMBER>
<PARTYLEDGERNAME>SHREE RAMDEV METALEX LLP</PARTYLEDGERNAME>
<STATENAME>Maharashtra</STATENAME>
<NARRATION>Being amount debited towards IGM No: 2241554, BL NO: MEDUJ1246860, Importer: SHREE RAMDEV METALEX LLP, VOY NO: XA950A, Vessel: MSC DARDANELLES, LINER: MSC LINE OffDocTHC and containers:  2 X 20, Invoice No: ALSH000462/19-20</NARRATION>
<PARTYGSTIN>27ACYFS7152H1ZD</PARTYGSTIN>
<ALLLEDGERENTRIES.LIST>
<REMOVEZEROENTRIES>No</REMOVEZEROENTRIES>
<ISDEEMEDPOSITIVE>Yes</ISDEEMEDPOSITIVE>
<LEDGERFROMITEM>No</LEDGERFROMITEM>
<LEDGERNAME>SHREE RAMDEV METALEX LLP</LEDGERNAME>
<AMOUNT>-79060.000</AMOUNT>
<BILLALLOCATIONS.LIST>
<NAME>ALSH000462/19-20</NAME>
<BILLTYPE>New Ref</BILLTYPE>
<AMOUNT>-79060.000</AMOUNT>
</BILLALLOCATIONS.LIST>
</ALLLEDGERENTRIES.LIST>
<ALLLEDGERENTRIES.LIST>
<REMOVEZEROENTRIES>No</REMOVEZEROENTRIES>
<ISDEEMEDPOSITIVE>No</ISDEEMEDPOSITIVE>
<LEDGERFROMITEM>No</LEDGERFROMITEM>
<LEDGERNAME>Container Handling Services-Import-GST</LEDGERNAME>
<AMOUNT>16000.000</AMOUNT>
</ALLLEDGERENTRIES.LIST>
<ALLLEDGERENTRIES.LIST>
<REMOVEZEROENTRIES>No</REMOVEZEROENTRIES>
<ISDEEMEDPOSITIVE>No</ISDEEMEDPOSITIVE>
<LEDGERFROMITEM>No</LEDGERFROMITEM>
<LEDGERNAME>CGST</LEDGERNAME>
<AMOUNT>1440.0000000</AMOUNT>
</ALLLEDGERENTRIES.LIST>
<ALLLEDGERENTRIES.LIST>
<REMOVEZEROENTRIES>No</REMOVEZEROENTRIES>
<ISDEEMEDPOSITIVE>No</ISDEEMEDPOSITIVE>
<LEDGERFROMITEM>No</LEDGERFROMITEM>
<LEDGERNAME>SGST</LEDGERNAME>
<AMOUNT>1440.0000000</AMOUNT>
</ALLLEDGERENTRIES.LIST>
<ALLLEDGERENTRIES.LIST>
<REMOVEZEROENTRIES>No</REMOVEZEROENTRIES>
<ISDEEMEDPOSITIVE>No</ISDEEMEDPOSITIVE>
<LEDGERFROMITEM>No</LEDGERFROMITEM>
<LEDGERNAME>Other Storage and Warehousing Services-Import-GST</LEDGERNAME>
<AMOUNT>36900.000</AMOUNT>
</ALLLEDGERENTRIES.LIST>
<ALLLEDGERENTRIES.LIST>
<REMOVEZEROENTRIES>No</REMOVEZEROENTRIES>
<ISDEEMEDPOSITIVE>No</ISDEEMEDPOSITIVE>
<LEDGERFROMITEM>No</LEDGERFROMITEM>
<LEDGERNAME>CGST</LEDGERNAME>
<AMOUNT>3321.0000000</AMOUNT>
</ALLLEDGERENTRIES.LIST>
<ALLLEDGERENTRIES.LIST>
<REMOVEZEROENTRIES>No</REMOVEZEROENTRIES>
<ISDEEMEDPOSITIVE>No</ISDEEMEDPOSITIVE>
<LEDGERFROMITEM>No</LEDGERFROMITEM>
<LEDGERNAME>SGST</LEDGERNAME>
<AMOUNT>3321.0000000</AMOUNT>
</ALLLEDGERENTRIES.LIST>
<ALLLEDGERENTRIES.LIST>
<REMOVEZEROENTRIES>No</REMOVEZEROENTRIES>
<ISDEEMEDPOSITIVE>No</ISDEEMEDPOSITIVE>
<LEDGERFROMITEM>No</LEDGERFROMITEM>
<LEDGERNAME>Container Handling Services-Import-GST</LEDGERNAME>
<AMOUNT>13000.000</AMOUNT>
</ALLLEDGERENTRIES.LIST>
<ALLLEDGERENTRIES.LIST>
<REMOVEZEROENTRIES>No</REMOVEZEROENTRIES>
<ISDEEMEDPOSITIVE>No</ISDEEMEDPOSITIVE>
<LEDGERFROMITEM>No</LEDGERFROMITEM>
<LEDGERNAME>CGST</LEDGERNAME>
<AMOUNT>1170.0000000</AMOUNT>
</ALLLEDGERENTRIES.LIST>
<ALLLEDGERENTRIES.LIST>
<REMOVEZEROENTRIES>No</REMOVEZEROENTRIES>
<ISDEEMEDPOSITIVE>No</ISDEEMEDPOSITIVE>
<LEDGERFROMITEM>No</LEDGERFROMITEM>
<LEDGERNAME>SGST</LEDGERNAME>
<AMOUNT>1170.0000000</AMOUNT>
</ALLLEDGERENTRIES.LIST>
<ALLLEDGERENTRIES.LIST>
<REMOVEZEROENTRIES>No</REMOVEZEROENTRIES>
<ISDEEMEDPOSITIVE>No</ISDEEMEDPOSITIVE>
<LEDGERFROMITEM>No</LEDGERFROMITEM>
<LEDGERNAME>Container Handling Services-Import-GST</LEDGERNAME>
<AMOUNT>1100.000</AMOUNT>
</ALLLEDGERENTRIES.LIST>
<ALLLEDGERENTRIES.LIST>
<REMOVEZEROENTRIES>No</REMOVEZEROENTRIES>
<ISDEEMEDPOSITIVE>No</ISDEEMEDPOSITIVE>
<LEDGERFROMITEM>No</LEDGERFROMITEM>
<LEDGERNAME>CGST</LEDGERNAME>
<AMOUNT>99.0000000</AMOUNT>
</ALLLEDGERENTRIES.LIST>
<ALLLEDGERENTRIES.LIST>
<REMOVEZEROENTRIES>No</REMOVEZEROENTRIES>
<ISDEEMEDPOSITIVE>No</ISDEEMEDPOSITIVE>
<LEDGERFROMITEM>No</LEDGERFROMITEM>
<LEDGERNAME>SGST</LEDGERNAME>
<AMOUNT>99.0000000</AMOUNT>
</ALLLEDGERENTRIES.LIST>
<ALLLEDGERENTRIES.LIST>
<REMOVEZEROENTRIES>No</REMOVEZEROENTRIES>
<ISDEEMEDPOSITIVE>No</ISDEEMEDPOSITIVE>
<LEDGERFROMITEM>No</LEDGERFROMITEM>
<LEDGERNAME>SHORT AND EXCESS</LEDGERNAME>
<AMOUNT>0.000</AMOUNT>
</ALLLEDGERENTRIES.LIST>
</VOUCHER>
<VOUCHER>
<ISOPTIONAL>No</ISOPTIONAL>
<USEFORGAINLOSS>No</USEFORGAINLOSS>
<USEFORCOMPOUND>No</USEFORCOMPOUND>
<VOUCHERTYPENAME>Sales-Import-CFSM</VOUCHERTYPENAME>
<DATE>20200109</DATE>
<EFFECTIVEDATE>20200109</EFFECTIVEDATE>
<ISCANCELLED>No</ISCANCELLED>
<USETRACKINGNUMBER>No</USETRACKINGNUMBER>
<ISPOSTDATED>No</ISPOSTDATED>
<ISINVOICE>No</ISINVOICE>
<DIFFACTUALQTY>No</DIFFACTUALQTY>
<VOUCHERNUMBER>ALSI012547/19-20</VOUCHERNUMBER>
<PARTYLEDGERNAME>AGRAWAL METAL WORKS PVT LIMITED</PARTYLEDGERNAME>
<STATENAME>Rajasthan</STATENAME>
<NARRATION>Being amount debited towards IGM No: 2243250, BL NO: TSNCB19009523, Importer: AGRAWAL METAL WORKS PVT. LTD., VOY NO: 949W, Vessel: MAERSK TAURUS, LINER: RCL-OffDocTHC and containers:  1 X 20, Invoice No: ALSI012547/19-20</NARRATION>
<PARTYGSTIN>08AABCA4897R1ZT</PARTYGSTIN>
<ALLLEDGERENTRIES.LIST>
<REMOVEZEROENTRIES>No</REMOVEZEROENTRIES>
<ISDEEMEDPOSITIVE>Yes</ISDEEMEDPOSITIVE>
<LEDGERFROMITEM>No</LEDGERFROMITEM>
<LEDGERNAME>AGRAWAL METAL WORKS PVT LIMITED</LEDGERNAME>
<AMOUNT>-20231.000</AMOUNT>
<BILLALLOCATIONS.LIST>
<NAME>ALSI012547/19-20</NAME>
<BILLTYPE>New Ref</BILLTYPE>
<AMOUNT>-20231.000</AMOUNT>
</BILLALLOCATIONS.LIST>
</ALLLEDGERENTRIES.LIST>
<ALLLEDGERENTRIES.LIST>
<REMOVEZEROENTRIES>No</REMOVEZEROENTRIES>
<ISDEEMEDPOSITIVE>No</ISDEEMEDPOSITIVE>
<LEDGERFROMITEM>No</LEDGERFROMITEM>
<LEDGERNAME>Container Handling Services-Import-GST</LEDGERNAME>
<AMOUNT>6865.000</AMOUNT>
</ALLLEDGERENTRIES.LIST>
<ALLLEDGERENTRIES.LIST>
<REMOVEZEROENTRIES>No</REMOVEZEROENTRIES>
<ISDEEMEDPOSITIVE>No</ISDEEMEDPOSITIVE>
<LEDGERFROMITEM>No</LEDGERFROMITEM>
<LEDGERNAME>IGST</LEDGERNAME>
<AMOUNT>1235.7000000</AMOUNT>
</ALLLEDGERENTRIES.LIST>
<ALLLEDGERENTRIES.LIST>
<REMOVEZEROENTRIES>No</REMOVEZEROENTRIES>
<ISDEEMEDPOSITIVE>No</ISDEEMEDPOSITIVE>
<LEDGERFROMITEM>No</LEDGERFROMITEM>
<LEDGERNAME>Other Storage and Warehousing Services-Import-GST</LEDGERNAME>
<AMOUNT>2300.000</AMOUNT>
</ALLLEDGERENTRIES.LIST>
<ALLLEDGERENTRIES.LIST>
<REMOVEZEROENTRIES>No</REMOVEZEROENTRIES>
<ISDEEMEDPOSITIVE>No</ISDEEMEDPOSITIVE>
<LEDGERFROMITEM>No</LEDGERFROMITEM>
<LEDGERNAME>IGST</LEDGERNAME>
<AMOUNT>414.0000000</AMOUNT>
</ALLLEDGERENTRIES.LIST>
<ALLLEDGERENTRIES.LIST>
<REMOVEZEROENTRIES>No</REMOVEZEROENTRIES>
<ISDEEMEDPOSITIVE>No</ISDEEMEDPOSITIVE>
<LEDGERFROMITEM>No</LEDGERFROMITEM>
<LEDGERNAME>Container Handling Services-Import-GST</LEDGERNAME>
<AMOUNT>1200.000</AMOUNT>
</ALLLEDGERENTRIES.LIST>
<ALLLEDGERENTRIES.LIST>
<REMOVEZEROENTRIES>No</REMOVEZEROENTRIES>
<ISDEEMEDPOSITIVE>No</ISDEEMEDPOSITIVE>
<LEDGERFROMITEM>No</LEDGERFROMITEM>
<LEDGERNAME>IGST</LEDGERNAME>
<AMOUNT>216.0000000</AMOUNT>
</ALLLEDGERENTRIES.LIST>
<ALLLEDGERENTRIES.LIST>
<REMOVEZEROENTRIES>No</REMOVEZEROENTRIES>
<ISDEEMEDPOSITIVE>No</ISDEEMEDPOSITIVE>
<LEDGERFROMITEM>No</LEDGERFROMITEM>
<LEDGERNAME>Container Handling Services-Import-GST</LEDGERNAME>
<AMOUNT>4000.000</AMOUNT>
</ALLLEDGERENTRIES.LIST>
<ALLLEDGERENTRIES.LIST>
<REMOVEZEROENTRIES>No</REMOVEZEROENTRIES>
<ISDEEMEDPOSITIVE>No</ISDEEMEDPOSITIVE>
<LEDGERFROMITEM>No</LEDGERFROMITEM>
<LEDGERNAME>IGST</LEDGERNAME>
<AMOUNT>720.0000000</AMOUNT>
</ALLLEDGERENTRIES.LIST>
<ALLLEDGERENTRIES.LIST>
<REMOVEZEROENTRIES>No</REMOVEZEROENTRIES>
<ISDEEMEDPOSITIVE>No</ISDEEMEDPOSITIVE>
<LEDGERFROMITEM>No</LEDGERFROMITEM>
<LEDGERNAME>Container Handling Services-Import-GST</LEDGERNAME>
<AMOUNT>30.000</AMOUNT>
</ALLLEDGERENTRIES.LIST>
<ALLLEDGERENTRIES.LIST>
<REMOVEZEROENTRIES>No</REMOVEZEROENTRIES>
<ISDEEMEDPOSITIVE>No</ISDEEMEDPOSITIVE>
<LEDGERFROMITEM>No</LEDGERFROMITEM>
<LEDGERNAME>IGST</LEDGERNAME>
<AMOUNT>5.4000000</AMOUNT>
</ALLLEDGERENTRIES.LIST>
<ALLLEDGERENTRIES.LIST>
<REMOVEZEROENTRIES>No</REMOVEZEROENTRIES>
<ISDEEMEDPOSITIVE>No</ISDEEMEDPOSITIVE>
<LEDGERFROMITEM>No</LEDGERFROMITEM>
<LEDGERNAME>Container Handling Services-Import-GST</LEDGERNAME>
<AMOUNT>400.000</AMOUNT>
</ALLLEDGERENTRIES.LIST>
<ALLLEDGERENTRIES.LIST>
<REMOVEZEROENTRIES>No</REMOVEZEROENTRIES>
<ISDEEMEDPOSITIVE>No</ISDEEMEDPOSITIVE>
<LEDGERFROMITEM>No</LEDGERFROMITEM>
<LEDGERNAME>IGST</LEDGERNAME>
<AMOUNT>72.0000000</AMOUNT>
</ALLLEDGERENTRIES.LIST>
<ALLLEDGERENTRIES.LIST>
<REMOVEZEROENTRIES>No</REMOVEZEROENTRIES>
<ISDEEMEDPOSITIVE>No</ISDEEMEDPOSITIVE>
<LEDGERFROMITEM>No</LEDGERFROMITEM>
<LEDGERNAME>Container Handling Services-Import-GST</LEDGERNAME>
<AMOUNT>1200.000</AMOUNT>
</ALLLEDGERENTRIES.LIST>
<ALLLEDGERENTRIES.LIST>
<REMOVEZEROENTRIES>No</REMOVEZEROENTRIES>
<ISDEEMEDPOSITIVE>No</ISDEEMEDPOSITIVE>
<LEDGERFROMITEM>No</LEDGERFROMITEM>
<LEDGERNAME>IGST</LEDGERNAME>
<AMOUNT>216.0000000</AMOUNT>
</ALLLEDGERENTRIES.LIST>
<ALLLEDGERENTRIES.LIST>
<REMOVEZEROENTRIES>No</REMOVEZEROENTRIES>
<ISDEEMEDPOSITIVE>No</ISDEEMEDPOSITIVE>
<LEDGERFROMITEM>No</LEDGERFROMITEM>
<LEDGERNAME>Container Handling Services-Import-GST</LEDGERNAME>
<AMOUNT>600.000</AMOUNT>
</ALLLEDGERENTRIES.LIST>
<ALLLEDGERENTRIES.LIST>
<REMOVEZEROENTRIES>No</REMOVEZEROENTRIES>
<ISDEEMEDPOSITIVE>No</ISDEEMEDPOSITIVE>
<LEDGERFROMITEM>No</LEDGERFROMITEM>
<LEDGERNAME>IGST</LEDGERNAME>
<AMOUNT>108.0000000</AMOUNT>
</ALLLEDGERENTRIES.LIST>
<ALLLEDGERENTRIES.LIST>
<REMOVEZEROENTRIES>No</REMOVEZEROENTRIES>
<ISDEEMEDPOSITIVE>No</ISDEEMEDPOSITIVE>
<LEDGERFROMITEM>No</LEDGERFROMITEM>
<LEDGERNAME>Container Handling Services-Import-GST</LEDGERNAME>
<AMOUNT>550.000</AMOUNT>
</ALLLEDGERENTRIES.LIST>
<ALLLEDGERENTRIES.LIST>
<REMOVEZEROENTRIES>No</REMOVEZEROENTRIES>
<ISDEEMEDPOSITIVE>No</ISDEEMEDPOSITIVE>
<LEDGERFROMITEM>No</LEDGERFROMITEM>
<LEDGERNAME>IGST</LEDGERNAME>
<AMOUNT>99.0000000</AMOUNT>
</ALLLEDGERENTRIES.LIST>
<ALLLEDGERENTRIES.LIST>
<REMOVEZEROENTRIES>No</REMOVEZEROENTRIES>
<ISDEEMEDPOSITIVE>No</ISDEEMEDPOSITIVE>
<LEDGERFROMITEM>No</LEDGERFROMITEM>
<LEDGERNAME>SHORT AND EXCESS</LEDGERNAME>
<AMOUNT>-0.100</AMOUNT>
</ALLLEDGERENTRIES.LIST>
</VOUCHER>
<VOUCHER>
<ISOPTIONAL>No</ISOPTIONAL>
<USEFORGAINLOSS>No</USEFORGAINLOSS>
<USEFORCOMPOUND>No</USEFORCOMPOUND>
<VOUCHERTYPENAME>Sales-Import-CFSM</VOUCHERTYPENAME>
<DATE>20200109</DATE>
<EFFECTIVEDATE>20200109</EFFECTIVEDATE>
<ISCANCELLED>No</ISCANCELLED>
<USETRACKINGNUMBER>No</USETRACKINGNUMBER>
<ISPOSTDATED>No</ISPOSTDATED>
<ISINVOICE>No</ISINVOICE>
<DIFFACTUALQTY>No</DIFFACTUALQTY>
<VOUCHERNUMBER>ALSI012549/19-20</VOUCHERNUMBER>
<PARTYLEDGERNAME>TRADEX SYNERGIES</PARTYLEDGERNAME>
<STATENAME>Gujarat</STATENAME>
<NARRATION>Being amount debited towards IGM No: 2243068, BL NO: 0249557341, Importer: TRADEX SYNERGIES, VOY NO: 926, Vessel: WAN HAI 513, LINER: WAN HAI LINE and containers:  1 X 20, Invoice No: ALSI012549/19-20</NARRATION>
<PARTYGSTIN>24AEXPM1216M2Z4</PARTYGSTIN>
<ALLLEDGERENTRIES.LIST>
<REMOVEZEROENTRIES>No</REMOVEZEROENTRIES>
<ISDEEMEDPOSITIVE>Yes</ISDEEMEDPOSITIVE>
<LEDGERFROMITEM>No</LEDGERFROMITEM>
<LEDGERNAME>TRADEX SYNERGIES</LEDGERNAME>
<AMOUNT>-767.000</AMOUNT>
<BILLALLOCATIONS.LIST>
<NAME>ALSI012549/19-20</NAME>
<BILLTYPE>New Ref</BILLTYPE>
<AMOUNT>-767.000</AMOUNT>
</BILLALLOCATIONS.LIST>
</ALLLEDGERENTRIES.LIST>
<ALLLEDGERENTRIES.LIST>
<REMOVEZEROENTRIES>No</REMOVEZEROENTRIES>
<ISDEEMEDPOSITIVE>No</ISDEEMEDPOSITIVE>
<LEDGERFROMITEM>No</LEDGERFROMITEM>
<LEDGERNAME>Other Storage and Warehousing Services-Import-GST</LEDGERNAME>
<AMOUNT>650.000</AMOUNT>
</ALLLEDGERENTRIES.LIST>
<ALLLEDGERENTRIES.LIST>
<REMOVEZEROENTRIES>No</REMOVEZEROENTRIES>
<ISDEEMEDPOSITIVE>No</ISDEEMEDPOSITIVE>
<LEDGERFROMITEM>No</LEDGERFROMITEM>
<LEDGERNAME>IGST</LEDGERNAME>
<AMOUNT>117.0000000</AMOUNT>
</ALLLEDGERENTRIES.LIST>
<ALLLEDGERENTRIES.LIST>
<REMOVEZEROENTRIES>No</REMOVEZEROENTRIES>
<ISDEEMEDPOSITIVE>No</ISDEEMEDPOSITIVE>
<LEDGERFROMITEM>No</LEDGERFROMITEM>
<LEDGERNAME>SHORT AND EXCESS</LEDGERNAME>
<AMOUNT>0.000</AMOUNT>
</ALLLEDGERENTRIES.LIST>
</VOUCHER>
<VOUCHER>
<ISOPTIONAL>No</ISOPTIONAL>
<USEFORGAINLOSS>No</USEFORGAINLOSS>
<USEFORCOMPOUND>No</USEFORCOMPOUND>
<VOUCHERTYPENAME>Sales-Import-CFSM</VOUCHERTYPENAME>
<DATE>20200109</DATE>
<EFFECTIVEDATE>20200109</EFFECTIVEDATE>
<ISCANCELLED>No</ISCANCELLED>
<USETRACKINGNUMBER>No</USETRACKINGNUMBER>
<ISPOSTDATED>No</ISPOSTDATED>
<ISINVOICE>No</ISINVOICE>
<DIFFACTUALQTY>No</DIFFACTUALQTY>
<VOUCHERNUMBER>ALSI012550/19-20</VOUCHERNUMBER>
<PARTYLEDGERNAME>TEGA INDUSTRIES LIMITED</PARTYLEDGERNAME>
<STATENAME>Gujarat</STATENAME>
<NARRATION>Being amount debited towards IGM No: 2243433, BL NO: 0399X47426, Importer: TEGA INDUSTRIES LTD, VOY NO: 057, Vessel: WAN HAI 503, LINER: WAN HAI LINES LIMITED and containers:  2 X 20, Invoice No: ALSI012550/19-20</NARRATION>
<PARTYGSTIN>24AABCT2074M1Z9</PARTYGSTIN>
<ALLLEDGERENTRIES.LIST>
<REMOVEZEROENTRIES>No</REMOVEZEROENTRIES>
<ISDEEMEDPOSITIVE>Yes</ISDEEMEDPOSITIVE>
<LEDGERFROMITEM>No</LEDGERFROMITEM>
<LEDGERNAME>TEGA INDUSTRIES LIMITED</LEDGERNAME>
<AMOUNT>-36590.000</AMOUNT>
<BILLALLOCATIONS.LIST>
<NAME>ALSI012550/19-20</NAME>
<BILLTYPE>New Ref</BILLTYPE>
<AMOUNT>-36590.000</AMOUNT>
</BILLALLOCATIONS.LIST>
</ALLLEDGERENTRIES.LIST>
<ALLLEDGERENTRIES.LIST>
<REMOVEZEROENTRIES>No</REMOVEZEROENTRIES>
<ISDEEMEDPOSITIVE>No</ISDEEMEDPOSITIVE>
<LEDGERFROMITEM>No</LEDGERFROMITEM>
<LEDGERNAME>Container Handling Services-Import-GST</LEDGERNAME>
<AMOUNT>25730.000</AMOUNT>
</ALLLEDGERENTRIES.LIST>
<ALLLEDGERENTRIES.LIST>
<REMOVEZEROENTRIES>No</REMOVEZEROENTRIES>
<ISDEEMEDPOSITIVE>No</ISDEEMEDPOSITIVE>
<LEDGERFROMITEM>No</LEDGERFROMITEM>
<LEDGERNAME>Other Storage and Warehousing Services-Import-GST</LEDGERNAME>
<AMOUNT>3300.000</AMOUNT>
</ALLLEDGERENTRIES.LIST>
<ALLLEDGERENTRIES.LIST>
<REMOVEZEROENTRIES>No</REMOVEZEROENTRIES>
<ISDEEMEDPOSITIVE>No</ISDEEMEDPOSITIVE>
<LEDGERFROMITEM>No</LEDGERFROMITEM>
<LEDGERNAME>Container Handling Services-Import-GST</LEDGERNAME>
<AMOUNT>2400.000</AMOUNT>
</ALLLEDGERENTRIES.LIST>
<ALLLEDGERENTRIES.LIST>
<REMOVEZEROENTRIES>No</REMOVEZEROENTRIES>
<ISDEEMEDPOSITIVE>No</ISDEEMEDPOSITIVE>
<LEDGERFROMITEM>No</LEDGERFROMITEM>
<LEDGERNAME>Container Handling Services-Import-GST</LEDGERNAME>
<AMOUNT>60.000</AMOUNT>
</ALLLEDGERENTRIES.LIST>
<ALLLEDGERENTRIES.LIST>
<REMOVEZEROENTRIES>No</REMOVEZEROENTRIES>
<ISDEEMEDPOSITIVE>No</ISDEEMEDPOSITIVE>
<LEDGERFROMITEM>No</LEDGERFROMITEM>
<LEDGERNAME>Container Handling Services-Import-GST</LEDGERNAME>
<AMOUNT>400.000</AMOUNT>
</ALLLEDGERENTRIES.LIST>
<ALLLEDGERENTRIES.LIST>
<REMOVEZEROENTRIES>No</REMOVEZEROENTRIES>
<ISDEEMEDPOSITIVE>No</ISDEEMEDPOSITIVE>
<LEDGERFROMITEM>No</LEDGERFROMITEM>
<LEDGERNAME>Container Handling Services-Import-GST</LEDGERNAME>
<AMOUNT>2400.000</AMOUNT>
</ALLLEDGERENTRIES.LIST>
<ALLLEDGERENTRIES.LIST>
<REMOVEZEROENTRIES>No</REMOVEZEROENTRIES>
<ISDEEMEDPOSITIVE>No</ISDEEMEDPOSITIVE>
<LEDGERFROMITEM>No</LEDGERFROMITEM>
<LEDGERNAME>Container Handling Services-Import-GST</LEDGERNAME>
<AMOUNT>1200.000</AMOUNT>
</ALLLEDGERENTRIES.LIST>
<ALLLEDGERENTRIES.LIST>
<REMOVEZEROENTRIES>No</REMOVEZEROENTRIES>
<ISDEEMEDPOSITIVE>No</ISDEEMEDPOSITIVE>
<LEDGERFROMITEM>No</LEDGERFROMITEM>
<LEDGERNAME>Container Handling Services-Import-GST</LEDGERNAME>
<AMOUNT>1100.000</AMOUNT>
</ALLLEDGERENTRIES.LIST>
<ALLLEDGERENTRIES.LIST>
<REMOVEZEROENTRIES>No</REMOVEZEROENTRIES>
<ISDEEMEDPOSITIVE>No</ISDEEMEDPOSITIVE>
<LEDGERFROMITEM>No</LEDGERFROMITEM>
<LEDGERNAME>SHORT AND EXCESS</LEDGERNAME>
<AMOUNT>0.000</AMOUNT>
</ALLLEDGERENTRIES.LIST>
</VOUCHER>
<VOUCHER>
<ISOPTIONAL>No</ISOPTIONAL>
<USEFORGAINLOSS>No</USEFORGAINLOSS>
<USEFORCOMPOUND>No</USEFORCOMPOUND>
<VOUCHERTYPENAME>Sales-Import-CFSM</VOUCHERTYPENAME>
<DATE>20200109</DATE>
<EFFECTIVEDATE>20200109</EFFECTIVEDATE>
<ISCANCELLED>No</ISCANCELLED>
<USETRACKINGNUMBER>No</USETRACKINGNUMBER>
<ISPOSTDATED>No</ISPOSTDATED>
<ISINVOICE>No</ISINVOICE>
<DIFFACTUALQTY>No</DIFFACTUALQTY>
<VOUCHERNUMBER>ALSI012551/19-20</VOUCHERNUMBER>
<PARTYLEDGERNAME>TEGA INDUSTRIES LIMITED</PARTYLEDGERNAME>
<STATENAME>Gujarat</STATENAME>
<NARRATION>Being amount debited towards IGM No: 2242830, BL NO: 0399X47427, Importer: TEGA INDUSTRIES LIMITED, VOY NO: 13, Vessel: NORTHERN PRIORITY, LINER: WAN HAI LINES LIMITED and containers:  3 X 20, Invoice No: ALSI012551/19-20</NARRATION>
<PARTYGSTIN>24AABCT2074M1Z9</PARTYGSTIN>
<ALLLEDGERENTRIES.LIST>
<REMOVEZEROENTRIES>No</REMOVEZEROENTRIES>
<ISDEEMEDPOSITIVE>Yes</ISDEEMEDPOSITIVE>
<LEDGERFROMITEM>No</LEDGERFROMITEM>
<LEDGERNAME>TEGA INDUSTRIES LIMITED</LEDGERNAME>
<AMOUNT>-69635.000</AMOUNT>
<BILLALLOCATIONS.LIST>
<NAME>ALSI012551/19-20</NAME>
<BILLTYPE>New Ref</BILLTYPE>
<AMOUNT>-69635.000</AMOUNT>
</BILLALLOCATIONS.LIST>
</ALLLEDGERENTRIES.LIST>
<ALLLEDGERENTRIES.LIST>
<REMOVEZEROENTRIES>No</REMOVEZEROENTRIES>
<ISDEEMEDPOSITIVE>No</ISDEEMEDPOSITIVE>
<LEDGERFROMITEM>No</LEDGERFROMITEM>
<LEDGERNAME>Container Handling Services-Import-GST</LEDGERNAME>
<AMOUNT>38595.000</AMOUNT>
</ALLLEDGERENTRIES.LIST>
<ALLLEDGERENTRIES.LIST>
<REMOVEZEROENTRIES>No</REMOVEZEROENTRIES>
<ISDEEMEDPOSITIVE>No</ISDEEMEDPOSITIVE>
<LEDGERFROMITEM>No</LEDGERFROMITEM>
<LEDGERNAME>Other Storage and Warehousing Services-Import-GST</LEDGERNAME>
<AMOUNT>19900.000</AMOUNT>
</ALLLEDGERENTRIES.LIST>
<ALLLEDGERENTRIES.LIST>
<REMOVEZEROENTRIES>No</REMOVEZEROENTRIES>
<ISDEEMEDPOSITIVE>No</ISDEEMEDPOSITIVE>
<LEDGERFROMITEM>No</LEDGERFROMITEM>
<LEDGERNAME>Container Handling Services-Import-GST</LEDGERNAME>
<AMOUNT>3600.000</AMOUNT>
</ALLLEDGERENTRIES.LIST>
<ALLLEDGERENTRIES.LIST>
<REMOVEZEROENTRIES>No</REMOVEZEROENTRIES>
<ISDEEMEDPOSITIVE>No</ISDEEMEDPOSITIVE>
<LEDGERFROMITEM>No</LEDGERFROMITEM>
<LEDGERNAME>Container Handling Services-Import-GST</LEDGERNAME>
<AMOUNT>90.000</AMOUNT>
</ALLLEDGERENTRIES.LIST>
<ALLLEDGERENTRIES.LIST>
<REMOVEZEROENTRIES>No</REMOVEZEROENTRIES>
<ISDEEMEDPOSITIVE>No</ISDEEMEDPOSITIVE>
<LEDGERFROMITEM>No</LEDGERFROMITEM>
<LEDGERNAME>Container Handling Services-Import-GST</LEDGERNAME>
<AMOUNT>400.000</AMOUNT>
</ALLLEDGERENTRIES.LIST>
<ALLLEDGERENTRIES.LIST>
<REMOVEZEROENTRIES>No</REMOVEZEROENTRIES>
<ISDEEMEDPOSITIVE>No</ISDEEMEDPOSITIVE>
<LEDGERFROMITEM>No</LEDGERFROMITEM>
<LEDGERNAME>Container Handling Services-Import-GST</LEDGERNAME>
<AMOUNT>3600.000</AMOUNT>
</ALLLEDGERENTRIES.LIST>
<ALLLEDGERENTRIES.LIST>
<REMOVEZEROENTRIES>No</REMOVEZEROENTRIES>
<ISDEEMEDPOSITIVE>No</ISDEEMEDPOSITIVE>
<LEDGERFROMITEM>No</LEDGERFROMITEM>
<LEDGERNAME>Container Handling Services-Import-GST</LEDGERNAME>
<AMOUNT>1800.000</AMOUNT>
</ALLLEDGERENTRIES.LIST>
<ALLLEDGERENTRIES.LIST>
<REMOVEZEROENTRIES>No</REMOVEZEROENTRIES>
<ISDEEMEDPOSITIVE>No</ISDEEMEDPOSITIVE>
<LEDGERFROMITEM>No</LEDGERFROMITEM>
<LEDGERNAME>Container Handling Services-Import-GST</LEDGERNAME>
<AMOUNT>1650.000</AMOUNT>
</ALLLEDGERENTRIES.LIST>
<ALLLEDGERENTRIES.LIST>
<REMOVEZEROENTRIES>No</REMOVEZEROENTRIES>
<ISDEEMEDPOSITIVE>No</ISDEEMEDPOSITIVE>
<LEDGERFROMITEM>No</LEDGERFROMITEM>
<LEDGERNAME>SHORT AND EXCESS</LEDGERNAME>
<AMOUNT>0.000</AMOUNT>
</ALLLEDGERENTRIES.LIST>
</VOUCHER>
<VOUCHER>
<ISOPTIONAL>No</ISOPTIONAL>
<USEFORGAINLOSS>No</USEFORGAINLOSS>
<USEFORCOMPOUND>No</USEFORCOMPOUND>
<VOUCHERTYPENAME>Sales-Import-CFSM</VOUCHERTYPENAME>
<DATE>20200109</DATE>
<EFFECTIVEDATE>20200109</EFFECTIVEDATE>
<ISCANCELLED>No</ISCANCELLED>
<USETRACKINGNUMBER>No</USETRACKINGNUMBER>
<ISPOSTDATED>No</ISPOSTDATED>
<ISINVOICE>No</ISINVOICE>
<DIFFACTUALQTY>No</DIFFACTUALQTY>
<VOUCHERNUMBER>ALSI012552/19-20</VOUCHERNUMBER>
<PARTYLEDGERNAME>LILADHAR PASOO FORWARDERS PVT LTD</PARTYLEDGERNAME>
<STATENAME>Maharashtra</STATENAME>
<NARRATION>Being amount debited towards IGM No: 2242754, BL NO: OOLU2631541800, Importer: ASIAN PAINTS LTD, VOY NO: 216, Vessel: APL COLUMBUS, LINER: OOCLOFFDOCTHC-OOCL Line and containers:  1 X 20, Invoice No: ALSI012552/19-20</NARRATION>
<PARTYGSTIN>27AAACL1837H1ZM</PARTYGSTIN>
<ALLLEDGERENTRIES.LIST>
<REMOVEZEROENTRIES>No</REMOVEZEROENTRIES>
<ISDEEMEDPOSITIVE>Yes</ISDEEMEDPOSITIVE>
<LEDGERFROMITEM>No</LEDGERFROMITEM>
<LEDGERNAME>LILADHAR PASOO FORWARDERS PVT LTD</LEDGERNAME>
<AMOUNT>-3186.000</AMOUNT>
<BILLALLOCATIONS.LIST>
<NAME>ALSI012552/19-20</NAME>
<BILLTYPE>New Ref</BILLTYPE>
<AMOUNT>-3186.000</AMOUNT>
</BILLALLOCATIONS.LIST>
</ALLLEDGERENTRIES.LIST>
<ALLLEDGERENTRIES.LIST>
<REMOVEZEROENTRIES>No</REMOVEZEROENTRIES>
<ISDEEMEDPOSITIVE>No</ISDEEMEDPOSITIVE>
<LEDGERFROMITEM>No</LEDGERFROMITEM>
<LEDGERNAME>Other Storage and Warehousing Services-Import-GST</LEDGERNAME>
<AMOUNT>2700.000</AMOUNT>
</ALLLEDGERENTRIES.LIST>
<ALLLEDGERENTRIES.LIST>
<REMOVEZEROENTRIES>No</REMOVEZEROENTRIES>
<ISDEEMEDPOSITIVE>No</ISDEEMEDPOSITIVE>
<LEDGERFROMITEM>No</LEDGERFROMITEM>
<LEDGERNAME>CGST</LEDGERNAME>
<AMOUNT>243.0000000</AMOUNT>
</ALLLEDGERENTRIES.LIST>
<ALLLEDGERENTRIES.LIST>
<REMOVEZEROENTRIES>No</REMOVEZEROENTRIES>
<ISDEEMEDPOSITIVE>No</ISDEEMEDPOSITIVE>
<LEDGERFROMITEM>No</LEDGERFROMITEM>
<LEDGERNAME>SGST</LEDGERNAME>
<AMOUNT>243.0000000</AMOUNT>
</ALLLEDGERENTRIES.LIST>
<ALLLEDGERENTRIES.LIST>
<REMOVEZEROENTRIES>No</REMOVEZEROENTRIES>
<ISDEEMEDPOSITIVE>No</ISDEEMEDPOSITIVE>
<LEDGERFROMITEM>No</LEDGERFROMITEM>
<LEDGERNAME>SHORT AND EXCESS</LEDGERNAME>
<AMOUNT>0.000</AMOUNT>
</ALLLEDGERENTRIES.LIST>
</VOUCHER>
<VOUCHER>
<ISOPTIONAL>No</ISOPTIONAL>
<USEFORGAINLOSS>No</USEFORGAINLOSS>
<USEFORCOMPOUND>No</USEFORCOMPOUND>
<VOUCHERTYPENAME>Sales-Import-CFSM</VOUCHERTYPENAME>
<DATE>20200109</DATE>
<EFFECTIVEDATE>20200109</EFFECTIVEDATE>
<ISCANCELLED>No</ISCANCELLED>
<USETRACKINGNUMBER>No</USETRACKINGNUMBER>
<ISPOSTDATED>No</ISPOSTDATED>
<ISINVOICE>No</ISINVOICE>
<DIFFACTUALQTY>No</DIFFACTUALQTY>
<VOUCHERNUMBER>ALSI012553/19-20</VOUCHERNUMBER>
<PARTYLEDGERNAME>NIIV SOLUTION PRIVATE LIMITED</PARTYLEDGERNAME>
<STATENAME>Maharashtra</STATENAME>
<NARRATION>Being amount debited towards IGM No: 2243068, BL NO: 0319559339, Importer: NIIV SOLUTION PRIVATE LIMITED, VOY NO: 926, Vessel: WAN HAI 513, LINER: WAN HAI LINE and containers:  1 X 40, Invoice No: ALSI012553/19-20</NARRATION>
<PARTYGSTIN>27AAFCN4228H2ZF</PARTYGSTIN>
<ALLLEDGERENTRIES.LIST>
<REMOVEZEROENTRIES>No</REMOVEZEROENTRIES>
<ISDEEMEDPOSITIVE>Yes</ISDEEMEDPOSITIVE>
<LEDGERFROMITEM>No</LEDGERFROMITEM>
<LEDGERNAME>NIIV SOLUTION PRIVATE LIMITED</LEDGERNAME>
<AMOUNT>-35400.000</AMOUNT>
<BILLALLOCATIONS.LIST>
<NAME>ALSI012553/19-20</NAME>
<BILLTYPE>New Ref</BILLTYPE>
<AMOUNT>-35400.000</AMOUNT>
</BILLALLOCATIONS.LIST>
</ALLLEDGERENTRIES.LIST>
<ALLLEDGERENTRIES.LIST>
<REMOVEZEROENTRIES>No</REMOVEZEROENTRIES>
<ISDEEMEDPOSITIVE>No</ISDEEMEDPOSITIVE>
<LEDGERFROMITEM>No</LEDGERFROMITEM>
<LEDGERNAME>Container Handling Services-Import-GST</LEDGERNAME>
<AMOUNT>10000.000</AMOUNT>
</ALLLEDGERENTRIES.LIST>
<ALLLEDGERENTRIES.LIST>
<REMOVEZEROENTRIES>No</REMOVEZEROENTRIES>
<ISDEEMEDPOSITIVE>No</ISDEEMEDPOSITIVE>
<LEDGERFROMITEM>No</LEDGERFROMITEM>
<LEDGERNAME>CGST</LEDGERNAME>
<AMOUNT>900.0000000</AMOUNT>
</ALLLEDGERENTRIES.LIST>
<ALLLEDGERENTRIES.LIST>
<REMOVEZEROENTRIES>No</REMOVEZEROENTRIES>
<ISDEEMEDPOSITIVE>No</ISDEEMEDPOSITIVE>
<LEDGERFROMITEM>No</LEDGERFROMITEM>
<LEDGERNAME>SGST</LEDGERNAME>
<AMOUNT>900.0000000</AMOUNT>
</ALLLEDGERENTRIES.LIST>
<ALLLEDGERENTRIES.LIST>
<REMOVEZEROENTRIES>No</REMOVEZEROENTRIES>
<ISDEEMEDPOSITIVE>No</ISDEEMEDPOSITIVE>
<LEDGERFROMITEM>No</LEDGERFROMITEM>
<LEDGERNAME>Container Handling Services-Import-GST</LEDGERNAME>
<AMOUNT>2000.000</AMOUNT>
</ALLLEDGERENTRIES.LIST>
<ALLLEDGERENTRIES.LIST>
<REMOVEZEROENTRIES>No</REMOVEZEROENTRIES>
<ISDEEMEDPOSITIVE>No</ISDEEMEDPOSITIVE>
<LEDGERFROMITEM>No</LEDGERFROMITEM>
<LEDGERNAME>CGST</LEDGERNAME>
<AMOUNT>180.0000000</AMOUNT>
</ALLLEDGERENTRIES.LIST>
<ALLLEDGERENTRIES.LIST>
<REMOVEZEROENTRIES>No</REMOVEZEROENTRIES>
<ISDEEMEDPOSITIVE>No</ISDEEMEDPOSITIVE>
<LEDGERFROMITEM>No</LEDGERFROMITEM>
<LEDGERNAME>SGST</LEDGERNAME>
<AMOUNT>180.0000000</AMOUNT>
</ALLLEDGERENTRIES.LIST>
<ALLLEDGERENTRIES.LIST>
<REMOVEZEROENTRIES>No</REMOVEZEROENTRIES>
<ISDEEMEDPOSITIVE>No</ISDEEMEDPOSITIVE>
<LEDGERFROMITEM>No</LEDGERFROMITEM>
<LEDGERNAME>Other Storage and Warehousing Services-Import-GST</LEDGERNAME>
<AMOUNT>2900.000</AMOUNT>
</ALLLEDGERENTRIES.LIST>
<ALLLEDGERENTRIES.LIST>
<REMOVEZEROENTRIES>No</REMOVEZEROENTRIES>
<ISDEEMEDPOSITIVE>No</ISDEEMEDPOSITIVE>
<LEDGERFROMITEM>No</LEDGERFROMITEM>
<LEDGERNAME>CGST</LEDGERNAME>
<AMOUNT>261.0000000</AMOUNT>
</ALLLEDGERENTRIES.LIST>
<ALLLEDGERENTRIES.LIST>
<REMOVEZEROENTRIES>No</REMOVEZEROENTRIES>
<ISDEEMEDPOSITIVE>No</ISDEEMEDPOSITIVE>
<LEDGERFROMITEM>No</LEDGERFROMITEM>
<LEDGERNAME>SGST</LEDGERNAME>
<AMOUNT>261.0000000</AMOUNT>
</ALLLEDGERENTRIES.LIST>
<ALLLEDGERENTRIES.LIST>
<REMOVEZEROENTRIES>No</REMOVEZEROENTRIES>
<ISDEEMEDPOSITIVE>No</ISDEEMEDPOSITIVE>
<LEDGERFROMITEM>No</LEDGERFROMITEM>
<LEDGERNAME>Container Handling Services-Import-GST</LEDGERNAME>
<AMOUNT>4000.000</AMOUNT>
</ALLLEDGERENTRIES.LIST>
<ALLLEDGERENTRIES.LIST>
<REMOVEZEROENTRIES>No</REMOVEZEROENTRIES>
<ISDEEMEDPOSITIVE>No</ISDEEMEDPOSITIVE>
<LEDGERFROMITEM>No</LEDGERFROMITEM>
<LEDGERNAME>CGST</LEDGERNAME>
<AMOUNT>360.0000000</AMOUNT>
</ALLLEDGERENTRIES.LIST>
<ALLLEDGERENTRIES.LIST>
<REMOVEZEROENTRIES>No</REMOVEZEROENTRIES>
<ISDEEMEDPOSITIVE>No</ISDEEMEDPOSITIVE>
<LEDGERFROMITEM>No</LEDGERFROMITEM>
<LEDGERNAME>SGST</LEDGERNAME>
<AMOUNT>360.0000000</AMOUNT>
</ALLLEDGERENTRIES.LIST>
<ALLLEDGERENTRIES.LIST>
<REMOVEZEROENTRIES>No</REMOVEZEROENTRIES>
<ISDEEMEDPOSITIVE>No</ISDEEMEDPOSITIVE>
<LEDGERFROMITEM>No</LEDGERFROMITEM>
<LEDGERNAME>Container Handling Services-Import-GST</LEDGERNAME>
<AMOUNT>10000.000</AMOUNT>
</ALLLEDGERENTRIES.LIST>
<ALLLEDGERENTRIES.LIST>
<REMOVEZEROENTRIES>No</REMOVEZEROENTRIES>
<ISDEEMEDPOSITIVE>No</ISDEEMEDPOSITIVE>
<LEDGERFROMITEM>No</LEDGERFROMITEM>
<LEDGERNAME>CGST</LEDGERNAME>
<AMOUNT>900.0000000</AMOUNT>
</ALLLEDGERENTRIES.LIST>
<ALLLEDGERENTRIES.LIST>
<REMOVEZEROENTRIES>No</REMOVEZEROENTRIES>
<ISDEEMEDPOSITIVE>No</ISDEEMEDPOSITIVE>
<LEDGERFROMITEM>No</LEDGERFROMITEM>
<LEDGERNAME>SGST</LEDGERNAME>
<AMOUNT>900.0000000</AMOUNT>
</ALLLEDGERENTRIES.LIST>
<ALLLEDGERENTRIES.LIST>
<REMOVEZEROENTRIES>No</REMOVEZEROENTRIES>
<ISDEEMEDPOSITIVE>No</ISDEEMEDPOSITIVE>
<LEDGERFROMITEM>No</LEDGERFROMITEM>
<LEDGERNAME>Container Handling Services-Import-GST</LEDGERNAME>
<AMOUNT>1100.000</AMOUNT>
</ALLLEDGERENTRIES.LIST>
<ALLLEDGERENTRIES.LIST>
<REMOVEZEROENTRIES>No</REMOVEZEROENTRIES>
<ISDEEMEDPOSITIVE>No</ISDEEMEDPOSITIVE>
<LEDGERFROMITEM>No</LEDGERFROMITEM>
<LEDGERNAME>CGST</LEDGERNAME>
<AMOUNT>99.0000000</AMOUNT>
</ALLLEDGERENTRIES.LIST>
<ALLLEDGERENTRIES.LIST>
<REMOVEZEROENTRIES>No</REMOVEZEROENTRIES>
<ISDEEMEDPOSITIVE>No</ISDEEMEDPOSITIVE>
<LEDGERFROMITEM>No</LEDGERFROMITEM>
<LEDGERNAME>SGST</LEDGERNAME>
<AMOUNT>99.0000000</AMOUNT>
</ALLLEDGERENTRIES.LIST>
<ALLLEDGERENTRIES.LIST>
<REMOVEZEROENTRIES>No</REMOVEZEROENTRIES>
<ISDEEMEDPOSITIVE>No</ISDEEMEDPOSITIVE>
<LEDGERFROMITEM>No</LEDGERFROMITEM>
<LEDGERNAME>SHORT AND EXCESS</LEDGERNAME>
<AMOUNT>0.000</AMOUNT>
</ALLLEDGERENTRIES.LIST>
</VOUCHER>
<VOUCHER>
<ISOPTIONAL>No</ISOPTIONAL>
<USEFORGAINLOSS>No</USEFORGAINLOSS>
<USEFORCOMPOUND>No</USEFORCOMPOUND>
<VOUCHERTYPENAME>Sales-Import-CFSM</VOUCHERTYPENAME>
<DATE>20200109</DATE>
<EFFECTIVEDATE>20200109</EFFECTIVEDATE>
<ISCANCELLED>No</ISCANCELLED>
<USETRACKINGNUMBER>No</USETRACKINGNUMBER>
<ISPOSTDATED>No</ISPOSTDATED>
<ISINVOICE>No</ISINVOICE>
<DIFFACTUALQTY>No</DIFFACTUALQTY>
<VOUCHERNUMBER>ALSI012554/19-20</VOUCHERNUMBER>
<PARTYLEDGERNAME>DASS DIGITAL</PARTYLEDGERNAME>
<STATENAME>Gujarat</STATENAME>
<NARRATION>Being amount debited towards IGM No: 2243044, BL NO: 0119300666, Importer: DASS DIGITAL, VOY NO: 13E, Vessel: BERLIN EXPRESS, LINER: Cosco(OffdocTHC) Shipping Line and containers:  1 X 40, Invoice No: ALSI012554/19-20</NARRATION>
<PARTYGSTIN>24AADPA3065G1ZB</PARTYGSTIN>
<ALLLEDGERENTRIES.LIST>
<REMOVEZEROENTRIES>No</REMOVEZEROENTRIES>
<ISDEEMEDPOSITIVE>Yes</ISDEEMEDPOSITIVE>
<LEDGERFROMITEM>No</LEDGERFROMITEM>
<LEDGERNAME>DASS DIGITAL</LEDGERNAME>
<AMOUNT>-31577.000</AMOUNT>
<BILLALLOCATIONS.LIST>
<NAME>ALSI012554/19-20</NAME>
<BILLTYPE>New Ref</BILLTYPE>
<AMOUNT>-31577.000</AMOUNT>
</BILLALLOCATIONS.LIST>
</ALLLEDGERENTRIES.LIST>
<ALLLEDGERENTRIES.LIST>
<REMOVEZEROENTRIES>No</REMOVEZEROENTRIES>
<ISDEEMEDPOSITIVE>No</ISDEEMEDPOSITIVE>
<LEDGERFROMITEM>No</LEDGERFROMITEM>
<LEDGERNAME>Container Handling Services-Import-GST</LEDGERNAME>
<AMOUNT>8380.000</AMOUNT>
</ALLLEDGERENTRIES.LIST>
<ALLLEDGERENTRIES.LIST>
<REMOVEZEROENTRIES>No</REMOVEZEROENTRIES>
<ISDEEMEDPOSITIVE>No</ISDEEMEDPOSITIVE>
<LEDGERFROMITEM>No</LEDGERFROMITEM>
<LEDGERNAME>IGST</LEDGERNAME>
<AMOUNT>1508.4000000</AMOUNT>
</ALLLEDGERENTRIES.LIST>
<ALLLEDGERENTRIES.LIST>
<REMOVEZEROENTRIES>No</REMOVEZEROENTRIES>
<ISDEEMEDPOSITIVE>No</ISDEEMEDPOSITIVE>
<LEDGERFROMITEM>No</LEDGERFROMITEM>
<LEDGERNAME>Container Handling Services-Import-GST</LEDGERNAME>
<AMOUNT>2000.000</AMOUNT>
</ALLLEDGERENTRIES.LIST>
<ALLLEDGERENTRIES.LIST>
<REMOVEZEROENTRIES>No</REMOVEZEROENTRIES>
<ISDEEMEDPOSITIVE>No</ISDEEMEDPOSITIVE>
<LEDGERFROMITEM>No</LEDGERFROMITEM>
<LEDGERNAME>IGST</LEDGERNAME>
<AMOUNT>360.0000000</AMOUNT>
</ALLLEDGERENTRIES.LIST>
<ALLLEDGERENTRIES.LIST>
<REMOVEZEROENTRIES>No</REMOVEZEROENTRIES>
<ISDEEMEDPOSITIVE>No</ISDEEMEDPOSITIVE>
<LEDGERFROMITEM>No</LEDGERFROMITEM>
<LEDGERNAME>Other Storage and Warehousing Services-Import-GST</LEDGERNAME>
<AMOUNT>8800.000</AMOUNT>
</ALLLEDGERENTRIES.LIST>
<ALLLEDGERENTRIES.LIST>
<REMOVEZEROENTRIES>No</REMOVEZEROENTRIES>
<ISDEEMEDPOSITIVE>No</ISDEEMEDPOSITIVE>
<LEDGERFROMITEM>No</LEDGERFROMITEM>
<LEDGERNAME>IGST</LEDGERNAME>
<AMOUNT>1584.0000000</AMOUNT>
</ALLLEDGERENTRIES.LIST>
<ALLLEDGERENTRIES.LIST>
<REMOVEZEROENTRIES>No</REMOVEZEROENTRIES>
<ISDEEMEDPOSITIVE>No</ISDEEMEDPOSITIVE>
<LEDGERFROMITEM>No</LEDGERFROMITEM>
<LEDGERNAME>Container Handling Services-Import-GST</LEDGERNAME>
<AMOUNT>2400.000</AMOUNT>
</ALLLEDGERENTRIES.LIST>
<ALLLEDGERENTRIES.LIST>
<REMOVEZEROENTRIES>No</REMOVEZEROENTRIES>
<ISDEEMEDPOSITIVE>No</ISDEEMEDPOSITIVE>
<LEDGERFROMITEM>No</LEDGERFROMITEM>
<LEDGERNAME>IGST</LEDGERNAME>
<AMOUNT>432.0000000</AMOUNT>
</ALLLEDGERENTRIES.LIST>
<ALLLEDGERENTRIES.LIST>
<REMOVEZEROENTRIES>No</REMOVEZEROENTRIES>
<ISDEEMEDPOSITIVE>No</ISDEEMEDPOSITIVE>
<LEDGERFROMITEM>No</LEDGERFROMITEM>
<LEDGERNAME>Container Handling Services-Import-GST</LEDGERNAME>
<AMOUNT>50.000</AMOUNT>
</ALLLEDGERENTRIES.LIST>
<ALLLEDGERENTRIES.LIST>
<REMOVEZEROENTRIES>No</REMOVEZEROENTRIES>
<ISDEEMEDPOSITIVE>No</ISDEEMEDPOSITIVE>
<LEDGERFROMITEM>No</LEDGERFROMITEM>
<LEDGERNAME>IGST</LEDGERNAME>
<AMOUNT>9.0000000</AMOUNT>
</ALLLEDGERENTRIES.LIST>
<ALLLEDGERENTRIES.LIST>
<REMOVEZEROENTRIES>No</REMOVEZEROENTRIES>
<ISDEEMEDPOSITIVE>No</ISDEEMEDPOSITIVE>
<LEDGERFROMITEM>No</LEDGERFROMITEM>
<LEDGERNAME>Container Handling Services-Import-GST</LEDGERNAME>
<AMOUNT>30.000</AMOUNT>
</ALLLEDGERENTRIES.LIST>
<ALLLEDGERENTRIES.LIST>
<REMOVEZEROENTRIES>No</REMOVEZEROENTRIES>
<ISDEEMEDPOSITIVE>No</ISDEEMEDPOSITIVE>
<LEDGERFROMITEM>No</LEDGERFROMITEM>
<LEDGERNAME>IGST</LEDGERNAME>
<AMOUNT>5.4000000</AMOUNT>
</ALLLEDGERENTRIES.LIST>
<ALLLEDGERENTRIES.LIST>
<REMOVEZEROENTRIES>No</REMOVEZEROENTRIES>
<ISDEEMEDPOSITIVE>No</ISDEEMEDPOSITIVE>
<LEDGERFROMITEM>No</LEDGERFROMITEM>
<LEDGERNAME>Container Handling Services-Import-GST</LEDGERNAME>
<AMOUNT>400.000</AMOUNT>
</ALLLEDGERENTRIES.LIST>
<ALLLEDGERENTRIES.LIST>
<REMOVEZEROENTRIES>No</REMOVEZEROENTRIES>
<ISDEEMEDPOSITIVE>No</ISDEEMEDPOSITIVE>
<LEDGERFROMITEM>No</LEDGERFROMITEM>
<LEDGERNAME>IGST</LEDGERNAME>
<AMOUNT>72.0000000</AMOUNT>
</ALLLEDGERENTRIES.LIST>
<ALLLEDGERENTRIES.LIST>
<REMOVEZEROENTRIES>No</REMOVEZEROENTRIES>
<ISDEEMEDPOSITIVE>No</ISDEEMEDPOSITIVE>
<LEDGERFROMITEM>No</LEDGERFROMITEM>
<LEDGERNAME>Container Handling Services-Import-GST</LEDGERNAME>
<AMOUNT>2400.000</AMOUNT>
</ALLLEDGERENTRIES.LIST>
<ALLLEDGERENTRIES.LIST>
<REMOVEZEROENTRIES>No</REMOVEZEROENTRIES>
<ISDEEMEDPOSITIVE>No</ISDEEMEDPOSITIVE>
<LEDGERFROMITEM>No</LEDGERFROMITEM>
<LEDGERNAME>IGST</LEDGERNAME>
<AMOUNT>432.0000000</AMOUNT>
</ALLLEDGERENTRIES.LIST>
<ALLLEDGERENTRIES.LIST>
<REMOVEZEROENTRIES>No</REMOVEZEROENTRIES>
<ISDEEMEDPOSITIVE>No</ISDEEMEDPOSITIVE>
<LEDGERFROMITEM>No</LEDGERFROMITEM>
<LEDGERNAME>Container Handling Services-Import-GST</LEDGERNAME>
<AMOUNT>1200.000</AMOUNT>
</ALLLEDGERENTRIES.LIST>
<ALLLEDGERENTRIES.LIST>
<REMOVEZEROENTRIES>No</REMOVEZEROENTRIES>
<ISDEEMEDPOSITIVE>No</ISDEEMEDPOSITIVE>
<LEDGERFROMITEM>No</LEDGERFROMITEM>
<LEDGERNAME>IGST</LEDGERNAME>
<AMOUNT>216.0000000</AMOUNT>
</ALLLEDGERENTRIES.LIST>
<ALLLEDGERENTRIES.LIST>
<REMOVEZEROENTRIES>No</REMOVEZEROENTRIES>
<ISDEEMEDPOSITIVE>No</ISDEEMEDPOSITIVE>
<LEDGERFROMITEM>No</LEDGERFROMITEM>
<LEDGERNAME>Container Handling Services-Import-GST</LEDGERNAME>
<AMOUNT>1100.000</AMOUNT>
</ALLLEDGERENTRIES.LIST>
<ALLLEDGERENTRIES.LIST>
<REMOVEZEROENTRIES>No</REMOVEZEROENTRIES>
<ISDEEMEDPOSITIVE>No</ISDEEMEDPOSITIVE>
<LEDGERFROMITEM>No</LEDGERFROMITEM>
<LEDGERNAME>IGST</LEDGERNAME>
<AMOUNT>198.0000000</AMOUNT>
</ALLLEDGERENTRIES.LIST>
<ALLLEDGERENTRIES.LIST>
<REMOVEZEROENTRIES>No</REMOVEZEROENTRIES>
<ISDEEMEDPOSITIVE>No</ISDEEMEDPOSITIVE>
<LEDGERFROMITEM>No</LEDGERFROMITEM>
<LEDGERNAME>SHORT AND EXCESS</LEDGERNAME>
<AMOUNT>0.200</AMOUNT>
</ALLLEDGERENTRIES.LIST>
</VOUCHER>
<VOUCHER>
<ISOPTIONAL>No</ISOPTIONAL>
<USEFORGAINLOSS>No</USEFORGAINLOSS>
<USEFORCOMPOUND>No</USEFORCOMPOUND>
<VOUCHERTYPENAME>Sales-Import-CFSM</VOUCHERTYPENAME>
<DATE>20200109</DATE>
<EFFECTIVEDATE>20200109</EFFECTIVEDATE>
<ISCANCELLED>No</ISCANCELLED>
<USETRACKINGNUMBER>No</USETRACKINGNUMBER>
<ISPOSTDATED>No</ISPOSTDATED>
<ISINVOICE>No</ISINVOICE>
<DIFFACTUALQTY>No</DIFFACTUALQTY>
<VOUCHERNUMBER>ALSI012555/19-20</VOUCHERNUMBER>
<PARTYLEDGERNAME>IP CLEANING INDIA PVT LTD</PARTYLEDGERNAME>
<STATENAME>Maharashtra</STATENAME>
<NARRATION>Being amount debited towards IGM No: 2242949, BL NO: 2019016180, Importer: IP CLEANING INDIA PVT LTD., VOY NO: 118, Vessel: XIN SHANGHAI, LINER: Cosco(OffdocTHC) Shipping Line and containers:  1 X 40, Invoice No: ALSI012555/19-20</NARRATION>
<PARTYGSTIN>27AAACW1306N1ZA</PARTYGSTIN>
<ALLLEDGERENTRIES.LIST>
<REMOVEZEROENTRIES>No</REMOVEZEROENTRIES>
<ISDEEMEDPOSITIVE>Yes</ISDEEMEDPOSITIVE>
<LEDGERFROMITEM>No</LEDGERFROMITEM>
<LEDGERNAME>IP CLEANING INDIA PVT LTD</LEDGERNAME>
<AMOUNT>-29217.000</AMOUNT>
<BILLALLOCATIONS.LIST>
<NAME>ALSI012555/19-20</NAME>
<BILLTYPE>New Ref</BILLTYPE>
<AMOUNT>-29217.000</AMOUNT>
</BILLALLOCATIONS.LIST>
</ALLLEDGERENTRIES.LIST>
<ALLLEDGERENTRIES.LIST>
<REMOVEZEROENTRIES>No</REMOVEZEROENTRIES>
<ISDEEMEDPOSITIVE>No</ISDEEMEDPOSITIVE>
<LEDGERFROMITEM>No</LEDGERFROMITEM>
<LEDGERNAME>Container Handling Services-Import-GST</LEDGERNAME>
<AMOUNT>8380.000</AMOUNT>
</ALLLEDGERENTRIES.LIST>
<ALLLEDGERENTRIES.LIST>
<REMOVEZEROENTRIES>No</REMOVEZEROENTRIES>
<ISDEEMEDPOSITIVE>No</ISDEEMEDPOSITIVE>
<LEDGERFROMITEM>No</LEDGERFROMITEM>
<LEDGERNAME>CGST</LEDGERNAME>
<AMOUNT>754.2000000</AMOUNT>
</ALLLEDGERENTRIES.LIST>
<ALLLEDGERENTRIES.LIST>
<REMOVEZEROENTRIES>No</REMOVEZEROENTRIES>
<ISDEEMEDPOSITIVE>No</ISDEEMEDPOSITIVE>
<LEDGERFROMITEM>No</LEDGERFROMITEM>
<LEDGERNAME>SGST</LEDGERNAME>
<AMOUNT>754.2000000</AMOUNT>
</ALLLEDGERENTRIES.LIST>
<ALLLEDGERENTRIES.LIST>
<REMOVEZEROENTRIES>No</REMOVEZEROENTRIES>
<ISDEEMEDPOSITIVE>No</ISDEEMEDPOSITIVE>
<LEDGERFROMITEM>No</LEDGERFROMITEM>
<LEDGERNAME>Other Storage and Warehousing Services-Import-GST</LEDGERNAME>
<AMOUNT>8800.000</AMOUNT>
</ALLLEDGERENTRIES.LIST>
<ALLLEDGERENTRIES.LIST>
<REMOVEZEROENTRIES>No</REMOVEZEROENTRIES>
<ISDEEMEDPOSITIVE>No</ISDEEMEDPOSITIVE>
<LEDGERFROMITEM>No</LEDGERFROMITEM>
<LEDGERNAME>CGST</LEDGERNAME>
<AMOUNT>792.0000000</AMOUNT>
</ALLLEDGERENTRIES.LIST>
<ALLLEDGERENTRIES.LIST>
<REMOVEZEROENTRIES>No</REMOVEZEROENTRIES>
<ISDEEMEDPOSITIVE>No</ISDEEMEDPOSITIVE>
<LEDGERFROMITEM>No</LEDGERFROMITEM>
<LEDGERNAME>SGST</LEDGERNAME>
<AMOUNT>792.0000000</AMOUNT>
</ALLLEDGERENTRIES.LIST>
<ALLLEDGERENTRIES.LIST>
<REMOVEZEROENTRIES>No</REMOVEZEROENTRIES>
<ISDEEMEDPOSITIVE>No</ISDEEMEDPOSITIVE>
<LEDGERFROMITEM>No</LEDGERFROMITEM>
<LEDGERNAME>Container Handling Services-Import-GST</LEDGERNAME>
<AMOUNT>2400.000</AMOUNT>
</ALLLEDGERENTRIES.LIST>
<ALLLEDGERENTRIES.LIST>
<REMOVEZEROENTRIES>No</REMOVEZEROENTRIES>
<ISDEEMEDPOSITIVE>No</ISDEEMEDPOSITIVE>
<LEDGERFROMITEM>No</LEDGERFROMITEM>
<LEDGERNAME>CGST</LEDGERNAME>
<AMOUNT>216.0000000</AMOUNT>
</ALLLEDGERENTRIES.LIST>
<ALLLEDGERENTRIES.LIST>
<REMOVEZEROENTRIES>No</REMOVEZEROENTRIES>
<ISDEEMEDPOSITIVE>No</ISDEEMEDPOSITIVE>
<LEDGERFROMITEM>No</LEDGERFROMITEM>
<LEDGERNAME>SGST</LEDGERNAME>
<AMOUNT>216.0000000</AMOUNT>
</ALLLEDGERENTRIES.LIST>
<ALLLEDGERENTRIES.LIST>
<REMOVEZEROENTRIES>No</REMOVEZEROENTRIES>
<ISDEEMEDPOSITIVE>No</ISDEEMEDPOSITIVE>
<LEDGERFROMITEM>No</LEDGERFROMITEM>
<LEDGERNAME>Container Handling Services-Import-GST</LEDGERNAME>
<AMOUNT>50.000</AMOUNT>
</ALLLEDGERENTRIES.LIST>
<ALLLEDGERENTRIES.LIST>
<REMOVEZEROENTRIES>No</REMOVEZEROENTRIES>
<ISDEEMEDPOSITIVE>No</ISDEEMEDPOSITIVE>
<LEDGERFROMITEM>No</LEDGERFROMITEM>
<LEDGERNAME>CGST</LEDGERNAME>
<AMOUNT>4.5000000</AMOUNT>
</ALLLEDGERENTRIES.LIST>
<ALLLEDGERENTRIES.LIST>
<REMOVEZEROENTRIES>No</REMOVEZEROENTRIES>
<ISDEEMEDPOSITIVE>No</ISDEEMEDPOSITIVE>
<LEDGERFROMITEM>No</LEDGERFROMITEM>
<LEDGERNAME>SGST</LEDGERNAME>
<AMOUNT>4.5000000</AMOUNT>
</ALLLEDGERENTRIES.LIST>
<ALLLEDGERENTRIES.LIST>
<REMOVEZEROENTRIES>No</REMOVEZEROENTRIES>
<ISDEEMEDPOSITIVE>No</ISDEEMEDPOSITIVE>
<LEDGERFROMITEM>No</LEDGERFROMITEM>
<LEDGERNAME>Container Handling Services-Import-GST</LEDGERNAME>
<AMOUNT>30.000</AMOUNT>
</ALLLEDGERENTRIES.LIST>
<ALLLEDGERENTRIES.LIST>
<REMOVEZEROENTRIES>No</REMOVEZEROENTRIES>
<ISDEEMEDPOSITIVE>No</ISDEEMEDPOSITIVE>
<LEDGERFROMITEM>No</LEDGERFROMITEM>
<LEDGERNAME>CGST</LEDGERNAME>
<AMOUNT>2.7000000</AMOUNT>
</ALLLEDGERENTRIES.LIST>
<ALLLEDGERENTRIES.LIST>
<REMOVEZEROENTRIES>No</REMOVEZEROENTRIES>
<ISDEEMEDPOSITIVE>No</ISDEEMEDPOSITIVE>
<LEDGERFROMITEM>No</LEDGERFROMITEM>
<LEDGERNAME>SGST</LEDGERNAME>
<AMOUNT>2.7000000</AMOUNT>
</ALLLEDGERENTRIES.LIST>
<ALLLEDGERENTRIES.LIST>
<REMOVEZEROENTRIES>No</REMOVEZEROENTRIES>
<ISDEEMEDPOSITIVE>No</ISDEEMEDPOSITIVE>
<LEDGERFROMITEM>No</LEDGERFROMITEM>
<LEDGERNAME>Container Handling Services-Import-GST</LEDGERNAME>
<AMOUNT>400.000</AMOUNT>
</ALLLEDGERENTRIES.LIST>
<ALLLEDGERENTRIES.LIST>
<REMOVEZEROENTRIES>No</REMOVEZEROENTRIES>
<ISDEEMEDPOSITIVE>No</ISDEEMEDPOSITIVE>
<LEDGERFROMITEM>No</LEDGERFROMITEM>
<LEDGERNAME>CGST</LEDGERNAME>
<AMOUNT>36.0000000</AMOUNT>
</ALLLEDGERENTRIES.LIST>
<ALLLEDGERENTRIES.LIST>
<REMOVEZEROENTRIES>No</REMOVEZEROENTRIES>
<ISDEEMEDPOSITIVE>No</ISDEEMEDPOSITIVE>
<LEDGERFROMITEM>No</LEDGERFROMITEM>
<LEDGERNAME>SGST</LEDGERNAME>
<AMOUNT>36.0000000</AMOUNT>
</ALLLEDGERENTRIES.LIST>
<ALLLEDGERENTRIES.LIST>
<REMOVEZEROENTRIES>No</REMOVEZEROENTRIES>
<ISDEEMEDPOSITIVE>No</ISDEEMEDPOSITIVE>
<LEDGERFROMITEM>No</LEDGERFROMITEM>
<LEDGERNAME>Container Handling Services-Import-GST</LEDGERNAME>
<AMOUNT>2400.000</AMOUNT>
</ALLLEDGERENTRIES.LIST>
<ALLLEDGERENTRIES.LIST>
<REMOVEZEROENTRIES>No</REMOVEZEROENTRIES>
<ISDEEMEDPOSITIVE>No</ISDEEMEDPOSITIVE>
<LEDGERFROMITEM>No</LEDGERFROMITEM>
<LEDGERNAME>CGST</LEDGERNAME>
<AMOUNT>216.0000000</AMOUNT>
</ALLLEDGERENTRIES.LIST>
<ALLLEDGERENTRIES.LIST>
<REMOVEZEROENTRIES>No</REMOVEZEROENTRIES>
<ISDEEMEDPOSITIVE>No</ISDEEMEDPOSITIVE>
<LEDGERFROMITEM>No</LEDGERFROMITEM>
<LEDGERNAME>SGST</LEDGERNAME>
<AMOUNT>216.0000000</AMOUNT>
</ALLLEDGERENTRIES.LIST>
<ALLLEDGERENTRIES.LIST>
<REMOVEZEROENTRIES>No</REMOVEZEROENTRIES>
<ISDEEMEDPOSITIVE>No</ISDEEMEDPOSITIVE>
<LEDGERFROMITEM>No</LEDGERFROMITEM>
<LEDGERNAME>Container Handling Services-Import-GST</LEDGERNAME>
<AMOUNT>1200.000</AMOUNT>
</ALLLEDGERENTRIES.LIST>
<ALLLEDGERENTRIES.LIST>
<REMOVEZEROENTRIES>No</REMOVEZEROENTRIES>
<ISDEEMEDPOSITIVE>No</ISDEEMEDPOSITIVE>
<LEDGERFROMITEM>No</LEDGERFROMITEM>
<LEDGERNAME>CGST</LEDGERNAME>
<AMOUNT>108.0000000</AMOUNT>
</ALLLEDGERENTRIES.LIST>
<ALLLEDGERENTRIES.LIST>
<REMOVEZEROENTRIES>No</REMOVEZEROENTRIES>
<ISDEEMEDPOSITIVE>No</ISDEEMEDPOSITIVE>
<LEDGERFROMITEM>No</LEDGERFROMITEM>
<LEDGERNAME>SGST</LEDGERNAME>
<AMOUNT>108.0000000</AMOUNT>
</ALLLEDGERENTRIES.LIST>
<ALLLEDGERENTRIES.LIST>
<REMOVEZEROENTRIES>No</REMOVEZEROENTRIES>
<ISDEEMEDPOSITIVE>No</ISDEEMEDPOSITIVE>
<LEDGERFROMITEM>No</LEDGERFROMITEM>
<LEDGERNAME>Container Handling Services-Import-GST</LEDGERNAME>
<AMOUNT>1100.000</AMOUNT>
</ALLLEDGERENTRIES.LIST>
<ALLLEDGERENTRIES.LIST>
<REMOVEZEROENTRIES>No</REMOVEZEROENTRIES>
<ISDEEMEDPOSITIVE>No</ISDEEMEDPOSITIVE>
<LEDGERFROMITEM>No</LEDGERFROMITEM>
<LEDGERNAME>CGST</LEDGERNAME>
<AMOUNT>99.0000000</AMOUNT>
</ALLLEDGERENTRIES.LIST>
<ALLLEDGERENTRIES.LIST>
<REMOVEZEROENTRIES>No</REMOVEZEROENTRIES>
<ISDEEMEDPOSITIVE>No</ISDEEMEDPOSITIVE>
<LEDGERFROMITEM>No</LEDGERFROMITEM>
<LEDGERNAME>SGST</LEDGERNAME>
<AMOUNT>99.0000000</AMOUNT>
</ALLLEDGERENTRIES.LIST>
<ALLLEDGERENTRIES.LIST>
<REMOVEZEROENTRIES>No</REMOVEZEROENTRIES>
<ISDEEMEDPOSITIVE>No</ISDEEMEDPOSITIVE>
<LEDGERFROMITEM>No</LEDGERFROMITEM>
<LEDGERNAME>SHORT AND EXCESS</LEDGERNAME>
<AMOUNT>0.200</AMOUNT>
</ALLLEDGERENTRIES.LIST>
</VOUCHER>
<VOUCHER>
<ISOPTIONAL>No</ISOPTIONAL>
<USEFORGAINLOSS>No</USEFORGAINLOSS>
<USEFORCOMPOUND>No</USEFORCOMPOUND>
<VOUCHERTYPENAME>Sales-Import-CFSM</VOUCHERTYPENAME>
<DATE>20200109</DATE>
<EFFECTIVEDATE>20200109</EFFECTIVEDATE>
<ISCANCELLED>No</ISCANCELLED>
<USETRACKINGNUMBER>No</USETRACKINGNUMBER>
<ISPOSTDATED>No</ISPOSTDATED>
<ISINVOICE>No</ISINVOICE>
<DIFFACTUALQTY>No</DIFFACTUALQTY>
<VOUCHERNUMBER>ALSI012556/19-20</VOUCHERNUMBER>
<PARTYLEDGERNAME>ATLANTIC TRADING CORPOARATION</PARTYLEDGERNAME>
<STATENAME>Maharashtra</STATENAME>
<NARRATION>Being amount debited towards IGM No: 2243344, BL NO: KMTCDCB0060244, Importer: ATLANTIC TRADING CORPORATION, VOY NO: 1908, Vessel: E R FELIXSTOWE, LINER: KMTC LINE and containers:  1 X 40, Invoice No: ALSI012556/19-20</NARRATION>
<PARTYGSTIN>27AEIPG5054L1ZA</PARTYGSTIN>
<ALLLEDGERENTRIES.LIST>
<REMOVEZEROENTRIES>No</REMOVEZEROENTRIES>
<ISDEEMEDPOSITIVE>Yes</ISDEEMEDPOSITIVE>
<LEDGERFROMITEM>No</LEDGERFROMITEM>
<LEDGERNAME>ATLANTIC TRADING CORPOARATION</LEDGERNAME>
<AMOUNT>-29028.000</AMOUNT>
<BILLALLOCATIONS.LIST>
<NAME>ALSI012556/19-20</NAME>
<BILLTYPE>New Ref</BILLTYPE>
<AMOUNT>-29028.000</AMOUNT>
</BILLALLOCATIONS.LIST>
</ALLLEDGERENTRIES.LIST>
<ALLLEDGERENTRIES.LIST>
<REMOVEZEROENTRIES>No</REMOVEZEROENTRIES>
<ISDEEMEDPOSITIVE>No</ISDEEMEDPOSITIVE>
<LEDGERFROMITEM>No</LEDGERFROMITEM>
<LEDGERNAME>Container Handling Services-Import-GST</LEDGERNAME>
<AMOUNT>8500.000</AMOUNT>
</ALLLEDGERENTRIES.LIST>
<ALLLEDGERENTRIES.LIST>
<REMOVEZEROENTRIES>No</REMOVEZEROENTRIES>
<ISDEEMEDPOSITIVE>No</ISDEEMEDPOSITIVE>
<LEDGERFROMITEM>No</LEDGERFROMITEM>
<LEDGERNAME>CGST</LEDGERNAME>
<AMOUNT>765.0000000</AMOUNT>
</ALLLEDGERENTRIES.LIST>
<ALLLEDGERENTRIES.LIST>
<REMOVEZEROENTRIES>No</REMOVEZEROENTRIES>
<ISDEEMEDPOSITIVE>No</ISDEEMEDPOSITIVE>
<LEDGERFROMITEM>No</LEDGERFROMITEM>
<LEDGERNAME>SGST</LEDGERNAME>
<AMOUNT>765.0000000</AMOUNT>
</ALLLEDGERENTRIES.LIST>
<ALLLEDGERENTRIES.LIST>
<REMOVEZEROENTRIES>No</REMOVEZEROENTRIES>
<ISDEEMEDPOSITIVE>No</ISDEEMEDPOSITIVE>
<LEDGERFROMITEM>No</LEDGERFROMITEM>
<LEDGERNAME>Container Handling Services-Import-GST</LEDGERNAME>
<AMOUNT>2000.000</AMOUNT>
</ALLLEDGERENTRIES.LIST>
<ALLLEDGERENTRIES.LIST>
<REMOVEZEROENTRIES>No</REMOVEZEROENTRIES>
<ISDEEMEDPOSITIVE>No</ISDEEMEDPOSITIVE>
<LEDGERFROMITEM>No</LEDGERFROMITEM>
<LEDGERNAME>CGST</LEDGERNAME>
<AMOUNT>180.0000000</AMOUNT>
</ALLLEDGERENTRIES.LIST>
<ALLLEDGERENTRIES.LIST>
<REMOVEZEROENTRIES>No</REMOVEZEROENTRIES>
<ISDEEMEDPOSITIVE>No</ISDEEMEDPOSITIVE>
<LEDGERFROMITEM>No</LEDGERFROMITEM>
<LEDGERNAME>SGST</LEDGERNAME>
<AMOUNT>180.0000000</AMOUNT>
</ALLLEDGERENTRIES.LIST>
<ALLLEDGERENTRIES.LIST>
<REMOVEZEROENTRIES>No</REMOVEZEROENTRIES>
<ISDEEMEDPOSITIVE>No</ISDEEMEDPOSITIVE>
<LEDGERFROMITEM>No</LEDGERFROMITEM>
<LEDGERNAME>Container Handling Services-Import-GST</LEDGERNAME>
<AMOUNT>3000.000</AMOUNT>
</ALLLEDGERENTRIES.LIST>
<ALLLEDGERENTRIES.LIST>
<REMOVEZEROENTRIES>No</REMOVEZEROENTRIES>
<ISDEEMEDPOSITIVE>No</ISDEEMEDPOSITIVE>
<LEDGERFROMITEM>No</LEDGERFROMITEM>
<LEDGERNAME>CGST</LEDGERNAME>
<AMOUNT>270.0000000</AMOUNT>
</ALLLEDGERENTRIES.LIST>
<ALLLEDGERENTRIES.LIST>
<REMOVEZEROENTRIES>No</REMOVEZEROENTRIES>
<ISDEEMEDPOSITIVE>No</ISDEEMEDPOSITIVE>
<LEDGERFROMITEM>No</LEDGERFROMITEM>
<LEDGERNAME>SGST</LEDGERNAME>
<AMOUNT>270.0000000</AMOUNT>
</ALLLEDGERENTRIES.LIST>
<ALLLEDGERENTRIES.LIST>
<REMOVEZEROENTRIES>No</REMOVEZEROENTRIES>
<ISDEEMEDPOSITIVE>No</ISDEEMEDPOSITIVE>
<LEDGERFROMITEM>No</LEDGERFROMITEM>
<LEDGERNAME>Container Handling Services-Import-GST</LEDGERNAME>
<AMOUNT>10000.000</AMOUNT>
</ALLLEDGERENTRIES.LIST>
<ALLLEDGERENTRIES.LIST>
<REMOVEZEROENTRIES>No</REMOVEZEROENTRIES>
<ISDEEMEDPOSITIVE>No</ISDEEMEDPOSITIVE>
<LEDGERFROMITEM>No</LEDGERFROMITEM>
<LEDGERNAME>CGST</LEDGERNAME>
<AMOUNT>900.0000000</AMOUNT>
</ALLLEDGERENTRIES.LIST>
<ALLLEDGERENTRIES.LIST>
<REMOVEZEROENTRIES>No</REMOVEZEROENTRIES>
<ISDEEMEDPOSITIVE>No</ISDEEMEDPOSITIVE>
<LEDGERFROMITEM>No</LEDGERFROMITEM>
<LEDGERNAME>SGST</LEDGERNAME>
<AMOUNT>900.0000000</AMOUNT>
</ALLLEDGERENTRIES.LIST>
<ALLLEDGERENTRIES.LIST>
<REMOVEZEROENTRIES>No</REMOVEZEROENTRIES>
<ISDEEMEDPOSITIVE>No</ISDEEMEDPOSITIVE>
<LEDGERFROMITEM>No</LEDGERFROMITEM>
<LEDGERNAME>Container Handling Services-Import-GST</LEDGERNAME>
<AMOUNT>1100.000</AMOUNT>
</ALLLEDGERENTRIES.LIST>
<ALLLEDGERENTRIES.LIST>
<REMOVEZEROENTRIES>No</REMOVEZEROENTRIES>
<ISDEEMEDPOSITIVE>No</ISDEEMEDPOSITIVE>
<LEDGERFROMITEM>No</LEDGERFROMITEM>
<LEDGERNAME>CGST</LEDGERNAME>
<AMOUNT>99.0000000</AMOUNT>
</ALLLEDGERENTRIES.LIST>
<ALLLEDGERENTRIES.LIST>
<REMOVEZEROENTRIES>No</REMOVEZEROENTRIES>
<ISDEEMEDPOSITIVE>No</ISDEEMEDPOSITIVE>
<LEDGERFROMITEM>No</LEDGERFROMITEM>
<LEDGERNAME>SGST</LEDGERNAME>
<AMOUNT>99.0000000</AMOUNT>
</ALLLEDGERENTRIES.LIST>
<ALLLEDGERENTRIES.LIST>
<REMOVEZEROENTRIES>No</REMOVEZEROENTRIES>
<ISDEEMEDPOSITIVE>No</ISDEEMEDPOSITIVE>
<LEDGERFROMITEM>No</LEDGERFROMITEM>
<LEDGERNAME>SHORT AND EXCESS</LEDGERNAME>
<AMOUNT>0.000</AMOUNT>
</ALLLEDGERENTRIES.LIST>
</VOUCHER>
<VOUCHER>
<ISOPTIONAL>No</ISOPTIONAL>
<USEFORGAINLOSS>No</USEFORGAINLOSS>
<USEFORCOMPOUND>No</USEFORCOMPOUND>
<VOUCHERTYPENAME>Sales-Import-CFSM</VOUCHERTYPENAME>
<DATE>20200109</DATE>
<EFFECTIVEDATE>20200109</EFFECTIVEDATE>
<ISCANCELLED>No</ISCANCELLED>
<USETRACKINGNUMBER>No</USETRACKINGNUMBER>
<ISPOSTDATED>No</ISPOSTDATED>
<ISINVOICE>No</ISINVOICE>
<DIFFACTUALQTY>No</DIFFACTUALQTY>
<VOUCHERNUMBER>ALSI012557/19-20</VOUCHERNUMBER>
<PARTYLEDGERNAME>NARENDRA JAMNADAS AND COMPANY</PARTYLEDGERNAME>
<STATENAME>Maharashtra</STATENAME>
<NARRATION>Being amount debited towards IGM No: 2243188, BL NO: COSU4510670420, Importer: RAJESH POWER SERVICES PVT LTD, VOY NO: 138W, Vessel: CMA CGM MUMBAI, LINER: Cosco(OffdocTHC) Shipping Line and containers:  2 X 40, Invoice No: ALSI012557/19-20</NARRATION>
<PARTYGSTIN>27ARMPS8756J1ZS</PARTYGSTIN>
<ALLLEDGERENTRIES.LIST>
<REMOVEZEROENTRIES>No</REMOVEZEROENTRIES>
<ISDEEMEDPOSITIVE>Yes</ISDEEMEDPOSITIVE>
<LEDGERFROMITEM>No</LEDGERFROMITEM>
<LEDGERNAME>NARENDRA JAMNADAS AND COMPANY</LEDGERNAME>
<AMOUNT>-51470.000</AMOUNT>
<BILLALLOCATIONS.LIST>
<NAME>ALSI012557/19-20</NAME>
<BILLTYPE>New Ref</BILLTYPE>
<AMOUNT>-51470.000</AMOUNT>
</BILLALLOCATIONS.LIST>
</ALLLEDGERENTRIES.LIST>
<ALLLEDGERENTRIES.LIST>
<REMOVEZEROENTRIES>No</REMOVEZEROENTRIES>
<ISDEEMEDPOSITIVE>No</ISDEEMEDPOSITIVE>
<LEDGERFROMITEM>No</LEDGERFROMITEM>
<LEDGERNAME>Container Handling Services-Import-GST</LEDGERNAME>
<AMOUNT>21060.000</AMOUNT>
</ALLLEDGERENTRIES.LIST>
<ALLLEDGERENTRIES.LIST>
<REMOVEZEROENTRIES>No</REMOVEZEROENTRIES>
<ISDEEMEDPOSITIVE>No</ISDEEMEDPOSITIVE>
<LEDGERFROMITEM>No</LEDGERFROMITEM>
<LEDGERNAME>CGST</LEDGERNAME>
<AMOUNT>1895.4000000</AMOUNT>
</ALLLEDGERENTRIES.LIST>
<ALLLEDGERENTRIES.LIST>
<REMOVEZEROENTRIES>No</REMOVEZEROENTRIES>
<ISDEEMEDPOSITIVE>No</ISDEEMEDPOSITIVE>
<LEDGERFROMITEM>No</LEDGERFROMITEM>
<LEDGERNAME>SGST</LEDGERNAME>
<AMOUNT>1895.4000000</AMOUNT>
</ALLLEDGERENTRIES.LIST>
<ALLLEDGERENTRIES.LIST>
<REMOVEZEROENTRIES>No</REMOVEZEROENTRIES>
<ISDEEMEDPOSITIVE>No</ISDEEMEDPOSITIVE>
<LEDGERFROMITEM>No</LEDGERFROMITEM>
<LEDGERNAME>Other Storage and Warehousing Services-Import-GST</LEDGERNAME>
<AMOUNT>6600.000</AMOUNT>
</ALLLEDGERENTRIES.LIST>
<ALLLEDGERENTRIES.LIST>
<REMOVEZEROENTRIES>No</REMOVEZEROENTRIES>
<ISDEEMEDPOSITIVE>No</ISDEEMEDPOSITIVE>
<LEDGERFROMITEM>No</LEDGERFROMITEM>
<LEDGERNAME>CGST</LEDGERNAME>
<AMOUNT>594.0000000</AMOUNT>
</ALLLEDGERENTRIES.LIST>
<ALLLEDGERENTRIES.LIST>
<REMOVEZEROENTRIES>No</REMOVEZEROENTRIES>
<ISDEEMEDPOSITIVE>No</ISDEEMEDPOSITIVE>
<LEDGERFROMITEM>No</LEDGERFROMITEM>
<LEDGERNAME>SGST</LEDGERNAME>
<AMOUNT>594.0000000</AMOUNT>
</ALLLEDGERENTRIES.LIST>
<ALLLEDGERENTRIES.LIST>
<REMOVEZEROENTRIES>No</REMOVEZEROENTRIES>
<ISDEEMEDPOSITIVE>No</ISDEEMEDPOSITIVE>
<LEDGERFROMITEM>No</LEDGERFROMITEM>
<LEDGERNAME>Container Handling Services-Import-GST</LEDGERNAME>
<AMOUNT>1258.400</AMOUNT>
</ALLLEDGERENTRIES.LIST>
<ALLLEDGERENTRIES.LIST>
<REMOVEZEROENTRIES>No</REMOVEZEROENTRIES>
<ISDEEMEDPOSITIVE>No</ISDEEMEDPOSITIVE>
<LEDGERFROMITEM>No</LEDGERFROMITEM>
<LEDGERNAME>CGST</LEDGERNAME>
<AMOUNT>113.2600000</AMOUNT>
</ALLLEDGERENTRIES.LIST>
<ALLLEDGERENTRIES.LIST>
<REMOVEZEROENTRIES>No</REMOVEZEROENTRIES>
<ISDEEMEDPOSITIVE>No</ISDEEMEDPOSITIVE>
<LEDGERFROMITEM>No</LEDGERFROMITEM>
<LEDGERNAME>SGST</LEDGERNAME>
<AMOUNT>113.2600000</AMOUNT>
</ALLLEDGERENTRIES.LIST>
<ALLLEDGERENTRIES.LIST>
<REMOVEZEROENTRIES>No</REMOVEZEROENTRIES>
<ISDEEMEDPOSITIVE>No</ISDEEMEDPOSITIVE>
<LEDGERFROMITEM>No</LEDGERFROMITEM>
<LEDGERNAME>Container Handling Services-Import-GST</LEDGERNAME>
<AMOUNT>4800.000</AMOUNT>
</ALLLEDGERENTRIES.LIST>
<ALLLEDGERENTRIES.LIST>
<REMOVEZEROENTRIES>No</REMOVEZEROENTRIES>
<ISDEEMEDPOSITIVE>No</ISDEEMEDPOSITIVE>
<LEDGERFROMITEM>No</LEDGERFROMITEM>
<LEDGERNAME>CGST</LEDGERNAME>
<AMOUNT>432.0000000</AMOUNT>
</ALLLEDGERENTRIES.LIST>
<ALLLEDGERENTRIES.LIST>
<REMOVEZEROENTRIES>No</REMOVEZEROENTRIES>
<ISDEEMEDPOSITIVE>No</ISDEEMEDPOSITIVE>
<LEDGERFROMITEM>No</LEDGERFROMITEM>
<LEDGERNAME>SGST</LEDGERNAME>
<AMOUNT>432.0000000</AMOUNT>
</ALLLEDGERENTRIES.LIST>
<ALLLEDGERENTRIES.LIST>
<REMOVEZEROENTRIES>No</REMOVEZEROENTRIES>
<ISDEEMEDPOSITIVE>No</ISDEEMEDPOSITIVE>
<LEDGERFROMITEM>No</LEDGERFROMITEM>
<LEDGERNAME>Container Handling Services-Import-GST</LEDGERNAME>
<AMOUNT>100.000</AMOUNT>
</ALLLEDGERENTRIES.LIST>
<ALLLEDGERENTRIES.LIST>
<REMOVEZEROENTRIES>No</REMOVEZEROENTRIES>
<ISDEEMEDPOSITIVE>No</ISDEEMEDPOSITIVE>
<LEDGERFROMITEM>No</LEDGERFROMITEM>
<LEDGERNAME>CGST</LEDGERNAME>
<AMOUNT>9.0000000</AMOUNT>
</ALLLEDGERENTRIES.LIST>
<ALLLEDGERENTRIES.LIST>
<REMOVEZEROENTRIES>No</REMOVEZEROENTRIES>
<ISDEEMEDPOSITIVE>No</ISDEEMEDPOSITIVE>
<LEDGERFROMITEM>No</LEDGERFROMITEM>
<LEDGERNAME>SGST</LEDGERNAME>
<AMOUNT>9.0000000</AMOUNT>
</ALLLEDGERENTRIES.LIST>
<ALLLEDGERENTRIES.LIST>
<REMOVEZEROENTRIES>No</REMOVEZEROENTRIES>
<ISDEEMEDPOSITIVE>No</ISDEEMEDPOSITIVE>
<LEDGERFROMITEM>No</LEDGERFROMITEM>
<LEDGERNAME>Container Handling Services-Import-GST</LEDGERNAME>
<AMOUNT>400.000</AMOUNT>
</ALLLEDGERENTRIES.LIST>
<ALLLEDGERENTRIES.LIST>
<REMOVEZEROENTRIES>No</REMOVEZEROENTRIES>
<ISDEEMEDPOSITIVE>No</ISDEEMEDPOSITIVE>
<LEDGERFROMITEM>No</LEDGERFROMITEM>
<LEDGERNAME>CGST</LEDGERNAME>
<AMOUNT>36.0000000</AMOUNT>
</ALLLEDGERENTRIES.LIST>
<ALLLEDGERENTRIES.LIST>
<REMOVEZEROENTRIES>No</REMOVEZEROENTRIES>
<ISDEEMEDPOSITIVE>No</ISDEEMEDPOSITIVE>
<LEDGERFROMITEM>No</LEDGERFROMITEM>
<LEDGERNAME>SGST</LEDGERNAME>
<AMOUNT>36.0000000</AMOUNT>
</ALLLEDGERENTRIES.LIST>
<ALLLEDGERENTRIES.LIST>
<REMOVEZEROENTRIES>No</REMOVEZEROENTRIES>
<ISDEEMEDPOSITIVE>No</ISDEEMEDPOSITIVE>
<LEDGERFROMITEM>No</LEDGERFROMITEM>
<LEDGERNAME>Container Handling Services-Import-GST</LEDGERNAME>
<AMOUNT>4800.000</AMOUNT>
</ALLLEDGERENTRIES.LIST>
<ALLLEDGERENTRIES.LIST>
<REMOVEZEROENTRIES>No</REMOVEZEROENTRIES>
<ISDEEMEDPOSITIVE>No</ISDEEMEDPOSITIVE>
<LEDGERFROMITEM>No</LEDGERFROMITEM>
<LEDGERNAME>CGST</LEDGERNAME>
<AMOUNT>432.0000000</AMOUNT>
</ALLLEDGERENTRIES.LIST>
<ALLLEDGERENTRIES.LIST>
<REMOVEZEROENTRIES>No</REMOVEZEROENTRIES>
<ISDEEMEDPOSITIVE>No</ISDEEMEDPOSITIVE>
<LEDGERFROMITEM>No</LEDGERFROMITEM>
<LEDGERNAME>SGST</LEDGERNAME>
<AMOUNT>432.0000000</AMOUNT>
</ALLLEDGERENTRIES.LIST>
<ALLLEDGERENTRIES.LIST>
<REMOVEZEROENTRIES>No</REMOVEZEROENTRIES>
<ISDEEMEDPOSITIVE>No</ISDEEMEDPOSITIVE>
<LEDGERFROMITEM>No</LEDGERFROMITEM>
<LEDGERNAME>Container Handling Services-Import-GST</LEDGERNAME>
<AMOUNT>2400.000</AMOUNT>
</ALLLEDGERENTRIES.LIST>
<ALLLEDGERENTRIES.LIST>
<REMOVEZEROENTRIES>No</REMOVEZEROENTRIES>
<ISDEEMEDPOSITIVE>No</ISDEEMEDPOSITIVE>
<LEDGERFROMITEM>No</LEDGERFROMITEM>
<LEDGERNAME>CGST</LEDGERNAME>
<AMOUNT>216.0000000</AMOUNT>
</ALLLEDGERENTRIES.LIST>
<ALLLEDGERENTRIES.LIST>
<REMOVEZEROENTRIES>No</REMOVEZEROENTRIES>
<ISDEEMEDPOSITIVE>No</ISDEEMEDPOSITIVE>
<LEDGERFROMITEM>No</LEDGERFROMITEM>
<LEDGERNAME>SGST</LEDGERNAME>
<AMOUNT>216.0000000</AMOUNT>
</ALLLEDGERENTRIES.LIST>
<ALLLEDGERENTRIES.LIST>
<REMOVEZEROENTRIES>No</REMOVEZEROENTRIES>
<ISDEEMEDPOSITIVE>No</ISDEEMEDPOSITIVE>
<LEDGERFROMITEM>No</LEDGERFROMITEM>
<LEDGERNAME>Container Handling Services-Import-GST</LEDGERNAME>
<AMOUNT>2200.000</AMOUNT>
</ALLLEDGERENTRIES.LIST>
<ALLLEDGERENTRIES.LIST>
<REMOVEZEROENTRIES>No</REMOVEZEROENTRIES>
<ISDEEMEDPOSITIVE>No</ISDEEMEDPOSITIVE>
<LEDGERFROMITEM>No</LEDGERFROMITEM>
<LEDGERNAME>CGST</LEDGERNAME>
<AMOUNT>198.0000000</AMOUNT>
</ALLLEDGERENTRIES.LIST>
<ALLLEDGERENTRIES.LIST>
<REMOVEZEROENTRIES>No</REMOVEZEROENTRIES>
<ISDEEMEDPOSITIVE>No</ISDEEMEDPOSITIVE>
<LEDGERFROMITEM>No</LEDGERFROMITEM>
<LEDGERNAME>SGST</LEDGERNAME>
<AMOUNT>198.0000000</AMOUNT>
</ALLLEDGERENTRIES.LIST>
<ALLLEDGERENTRIES.LIST>
<REMOVEZEROENTRIES>No</REMOVEZEROENTRIES>
<ISDEEMEDPOSITIVE>No</ISDEEMEDPOSITIVE>
<LEDGERFROMITEM>No</LEDGERFROMITEM>
<LEDGERNAME>SHORT AND EXCESS</LEDGERNAME>
<AMOUNT>0.280</AMOUNT>
</ALLLEDGERENTRIES.LIST>
</VOUCHER>
<VOUCHER>
<ISOPTIONAL>No</ISOPTIONAL>
<USEFORGAINLOSS>No</USEFORGAINLOSS>
<USEFORCOMPOUND>No</USEFORCOMPOUND>
<VOUCHERTYPENAME>Sales-Import-CFSM</VOUCHERTYPENAME>
<DATE>20200109</DATE>
<EFFECTIVEDATE>20200109</EFFECTIVEDATE>
<ISCANCELLED>No</ISCANCELLED>
<USETRACKINGNUMBER>No</USETRACKINGNUMBER>
<ISPOSTDATED>No</ISPOSTDATED>
<ISINVOICE>No</ISINVOICE>
<DIFFACTUALQTY>No</DIFFACTUALQTY>
<VOUCHERNUMBER>ALSI012559/19-20</VOUCHERNUMBER>
<PARTYLEDGERNAME>JAI KALI ENTERPRISES</PARTYLEDGERNAME>
<STATENAME>Delhi</STATENAME>
<NARRATION>Being amount debited towards IGM No: 2243433, BL NO: 0259645574, Importer: JAI KALI ENTERPRISES, VOY NO: 057, Vessel: WAN HAI 503, LINER: WAN HAI LINE and containers:  1 X 40, Invoice No: ALSI012559/19-20</NARRATION>
<PARTYGSTIN>07AOOPK7334P1Z6</PARTYGSTIN>
<ALLLEDGERENTRIES.LIST>
<REMOVEZEROENTRIES>No</REMOVEZEROENTRIES>
<ISDEEMEDPOSITIVE>Yes</ISDEEMEDPOSITIVE>
<LEDGERFROMITEM>No</LEDGERFROMITEM>
<LEDGERNAME>JAI KALI ENTERPRISES</LEDGERNAME>
<AMOUNT>-34373.000</AMOUNT>
<BILLALLOCATIONS.LIST>
<NAME>ALSI012559/19-20</NAME>
<BILLTYPE>New Ref</BILLTYPE>
<AMOUNT>-34373.000</AMOUNT>
</BILLALLOCATIONS.LIST>
</ALLLEDGERENTRIES.LIST>
<ALLLEDGERENTRIES.LIST>
<REMOVEZEROENTRIES>No</REMOVEZEROENTRIES>
<ISDEEMEDPOSITIVE>No</ISDEEMEDPOSITIVE>
<LEDGERFROMITEM>No</LEDGERFROMITEM>
<LEDGERNAME>Container Handling Services-Import-GST</LEDGERNAME>
<AMOUNT>18500.000</AMOUNT>
</ALLLEDGERENTRIES.LIST>
<ALLLEDGERENTRIES.LIST>
<REMOVEZEROENTRIES>No</REMOVEZEROENTRIES>
<ISDEEMEDPOSITIVE>No</ISDEEMEDPOSITIVE>
<LEDGERFROMITEM>No</LEDGERFROMITEM>
<LEDGERNAME>IGST</LEDGERNAME>
<AMOUNT>3330.0000000</AMOUNT>
</ALLLEDGERENTRIES.LIST>
<ALLLEDGERENTRIES.LIST>
<REMOVEZEROENTRIES>No</REMOVEZEROENTRIES>
<ISDEEMEDPOSITIVE>No</ISDEEMEDPOSITIVE>
<LEDGERFROMITEM>No</LEDGERFROMITEM>
<LEDGERNAME>Container Handling Services-Import-GST</LEDGERNAME>
<AMOUNT>5000.000</AMOUNT>
</ALLLEDGERENTRIES.LIST>
<ALLLEDGERENTRIES.LIST>
<REMOVEZEROENTRIES>No</REMOVEZEROENTRIES>
<ISDEEMEDPOSITIVE>No</ISDEEMEDPOSITIVE>
<LEDGERFROMITEM>No</LEDGERFROMITEM>
<LEDGERNAME>IGST</LEDGERNAME>
<AMOUNT>900.0000000</AMOUNT>
</ALLLEDGERENTRIES.LIST>
<ALLLEDGERENTRIES.LIST>
<REMOVEZEROENTRIES>No</REMOVEZEROENTRIES>
<ISDEEMEDPOSITIVE>No</ISDEEMEDPOSITIVE>
<LEDGERFROMITEM>No</LEDGERFROMITEM>
<LEDGERNAME>Container Handling Services-Import-GST</LEDGERNAME>
<AMOUNT>4500.000</AMOUNT>
</ALLLEDGERENTRIES.LIST>
<ALLLEDGERENTRIES.LIST>
<REMOVEZEROENTRIES>No</REMOVEZEROENTRIES>
<ISDEEMEDPOSITIVE>No</ISDEEMEDPOSITIVE>
<LEDGERFROMITEM>No</LEDGERFROMITEM>
<LEDGERNAME>IGST</LEDGERNAME>
<AMOUNT>810.0000000</AMOUNT>
</ALLLEDGERENTRIES.LIST>
<ALLLEDGERENTRIES.LIST>
<REMOVEZEROENTRIES>No</REMOVEZEROENTRIES>
<ISDEEMEDPOSITIVE>No</ISDEEMEDPOSITIVE>
<LEDGERFROMITEM>No</LEDGERFROMITEM>
<LEDGERNAME>Container Handling Services-Import-GST</LEDGERNAME>
<AMOUNT>30.000</AMOUNT>
</ALLLEDGERENTRIES.LIST>
<ALLLEDGERENTRIES.LIST>
<REMOVEZEROENTRIES>No</REMOVEZEROENTRIES>
<ISDEEMEDPOSITIVE>No</ISDEEMEDPOSITIVE>
<LEDGERFROMITEM>No</LEDGERFROMITEM>
<LEDGERNAME>IGST</LEDGERNAME>
<AMOUNT>5.4000000</AMOUNT>
</ALLLEDGERENTRIES.LIST>
<ALLLEDGERENTRIES.LIST>
<REMOVEZEROENTRIES>No</REMOVEZEROENTRIES>
<ISDEEMEDPOSITIVE>No</ISDEEMEDPOSITIVE>
<LEDGERFROMITEM>No</LEDGERFROMITEM>
<LEDGERNAME>Container Handling Services-Import-GST</LEDGERNAME>
<AMOUNT>1100.000</AMOUNT>
</ALLLEDGERENTRIES.LIST>
<ALLLEDGERENTRIES.LIST>
<REMOVEZEROENTRIES>No</REMOVEZEROENTRIES>
<ISDEEMEDPOSITIVE>No</ISDEEMEDPOSITIVE>
<LEDGERFROMITEM>No</LEDGERFROMITEM>
<LEDGERNAME>IGST</LEDGERNAME>
<AMOUNT>198.0000000</AMOUNT>
</ALLLEDGERENTRIES.LIST>
<ALLLEDGERENTRIES.LIST>
<REMOVEZEROENTRIES>No</REMOVEZEROENTRIES>
<ISDEEMEDPOSITIVE>No</ISDEEMEDPOSITIVE>
<LEDGERFROMITEM>No</LEDGERFROMITEM>
<LEDGERNAME>SHORT AND EXCESS</LEDGERNAME>
<AMOUNT>-0.400</AMOUNT>
</ALLLEDGERENTRIES.LIST>
</VOUCHER>
<VOUCHER>
<ISOPTIONAL>No</ISOPTIONAL>
<USEFORGAINLOSS>No</USEFORGAINLOSS>
<USEFORCOMPOUND>No</USEFORCOMPOUND>
<VOUCHERTYPENAME>Sales-Import-CFSM</VOUCHERTYPENAME>
<DATE>20200109</DATE>
<EFFECTIVEDATE>20200109</EFFECTIVEDATE>
<ISCANCELLED>No</ISCANCELLED>
<USETRACKINGNUMBER>No</USETRACKINGNUMBER>
<ISPOSTDATED>No</ISPOSTDATED>
<ISINVOICE>No</ISINVOICE>
<DIFFACTUALQTY>No</DIFFACTUALQTY>
<VOUCHERNUMBER>ALSI012560/19-20</VOUCHERNUMBER>
<PARTYLEDGERNAME>COWTOWN INFOTECH SERVICES PRIVATE LIMITED</PARTYLEDGERNAME>
<STATENAME>Maharashtra</STATENAME>
<NARRATION>Being amount debited towards IGM No: 2242755, BL NO: HDMUBUNS4959555, Importer: COWTOWN INFOTECH SERVICES PVT LTD, VOY NO: 077, Vessel: HYUNDAI LOYALTY, LINER: HYUNDAI MERCHANT MARINE INDIA PRIVATE LIMITED and containers:  3 X 40, Invoice No: ALSI012560/19-20</NARRATION>
<PARTYGSTIN>27AAACC4889L1Z4</PARTYGSTIN>
<ALLLEDGERENTRIES.LIST>
<REMOVEZEROENTRIES>No</REMOVEZEROENTRIES>
<ISDEEMEDPOSITIVE>Yes</ISDEEMEDPOSITIVE>
<LEDGERFROMITEM>No</LEDGERFROMITEM>
<LEDGERNAME>COWTOWN INFOTECH SERVICES PRIVATE LIMITED</LEDGERNAME>
<AMOUNT>-108123.000</AMOUNT>
<BILLALLOCATIONS.LIST>
<NAME>ALSI012560/19-20</NAME>
<BILLTYPE>New Ref</BILLTYPE>
<AMOUNT>-108123.000</AMOUNT>
</BILLALLOCATIONS.LIST>
</ALLLEDGERENTRIES.LIST>
<ALLLEDGERENTRIES.LIST>
<REMOVEZEROENTRIES>No</REMOVEZEROENTRIES>
<ISDEEMEDPOSITIVE>No</ISDEEMEDPOSITIVE>
<LEDGERFROMITEM>No</LEDGERFROMITEM>
<LEDGERNAME>Container Handling Services-Import-GST</LEDGERNAME>
<AMOUNT>28140.000</AMOUNT>
</ALLLEDGERENTRIES.LIST>
<ALLLEDGERENTRIES.LIST>
<REMOVEZEROENTRIES>No</REMOVEZEROENTRIES>
<ISDEEMEDPOSITIVE>No</ISDEEMEDPOSITIVE>
<LEDGERFROMITEM>No</LEDGERFROMITEM>
<LEDGERNAME>CGST</LEDGERNAME>
<AMOUNT>2532.6000000</AMOUNT>
</ALLLEDGERENTRIES.LIST>
<ALLLEDGERENTRIES.LIST>
<REMOVEZEROENTRIES>No</REMOVEZEROENTRIES>
<ISDEEMEDPOSITIVE>No</ISDEEMEDPOSITIVE>
<LEDGERFROMITEM>No</LEDGERFROMITEM>
<LEDGERNAME>SGST</LEDGERNAME>
<AMOUNT>2532.6000000</AMOUNT>
</ALLLEDGERENTRIES.LIST>
<ALLLEDGERENTRIES.LIST>
<REMOVEZEROENTRIES>No</REMOVEZEROENTRIES>
<ISDEEMEDPOSITIVE>No</ISDEEMEDPOSITIVE>
<LEDGERFROMITEM>No</LEDGERFROMITEM>
<LEDGERNAME>Other Storage and Warehousing Services-Import-GST</LEDGERNAME>
<AMOUNT>41700.000</AMOUNT>
</ALLLEDGERENTRIES.LIST>
<ALLLEDGERENTRIES.LIST>
<REMOVEZEROENTRIES>No</REMOVEZEROENTRIES>
<ISDEEMEDPOSITIVE>No</ISDEEMEDPOSITIVE>
<LEDGERFROMITEM>No</LEDGERFROMITEM>
<LEDGERNAME>CGST</LEDGERNAME>
<AMOUNT>3753.0000000</AMOUNT>
</ALLLEDGERENTRIES.LIST>
<ALLLEDGERENTRIES.LIST>
<REMOVEZEROENTRIES>No</REMOVEZEROENTRIES>
<ISDEEMEDPOSITIVE>No</ISDEEMEDPOSITIVE>
<LEDGERFROMITEM>No</LEDGERFROMITEM>
<LEDGERNAME>SGST</LEDGERNAME>
<AMOUNT>3753.0000000</AMOUNT>
</ALLLEDGERENTRIES.LIST>
<ALLLEDGERENTRIES.LIST>
<REMOVEZEROENTRIES>No</REMOVEZEROENTRIES>
<ISDEEMEDPOSITIVE>No</ISDEEMEDPOSITIVE>
<LEDGERFROMITEM>No</LEDGERFROMITEM>
<LEDGERNAME>Container Handling Services-Import-GST</LEDGERNAME>
<AMOUNT>7200.000</AMOUNT>
</ALLLEDGERENTRIES.LIST>
<ALLLEDGERENTRIES.LIST>
<REMOVEZEROENTRIES>No</REMOVEZEROENTRIES>
<ISDEEMEDPOSITIVE>No</ISDEEMEDPOSITIVE>
<LEDGERFROMITEM>No</LEDGERFROMITEM>
<LEDGERNAME>CGST</LEDGERNAME>
<AMOUNT>648.0000000</AMOUNT>
</ALLLEDGERENTRIES.LIST>
<ALLLEDGERENTRIES.LIST>
<REMOVEZEROENTRIES>No</REMOVEZEROENTRIES>
<ISDEEMEDPOSITIVE>No</ISDEEMEDPOSITIVE>
<LEDGERFROMITEM>No</LEDGERFROMITEM>
<LEDGERNAME>SGST</LEDGERNAME>
<AMOUNT>648.0000000</AMOUNT>
</ALLLEDGERENTRIES.LIST>
<ALLLEDGERENTRIES.LIST>
<REMOVEZEROENTRIES>No</REMOVEZEROENTRIES>
<ISDEEMEDPOSITIVE>No</ISDEEMEDPOSITIVE>
<LEDGERFROMITEM>No</LEDGERFROMITEM>
<LEDGERNAME>Container Handling Services-Import-GST</LEDGERNAME>
<AMOUNT>90.000</AMOUNT>
</ALLLEDGERENTRIES.LIST>
<ALLLEDGERENTRIES.LIST>
<REMOVEZEROENTRIES>No</REMOVEZEROENTRIES>
<ISDEEMEDPOSITIVE>No</ISDEEMEDPOSITIVE>
<LEDGERFROMITEM>No</LEDGERFROMITEM>
<LEDGERNAME>CGST</LEDGERNAME>
<AMOUNT>8.1000000</AMOUNT>
</ALLLEDGERENTRIES.LIST>
<ALLLEDGERENTRIES.LIST>
<REMOVEZEROENTRIES>No</REMOVEZEROENTRIES>
<ISDEEMEDPOSITIVE>No</ISDEEMEDPOSITIVE>
<LEDGERFROMITEM>No</LEDGERFROMITEM>
<LEDGERNAME>SGST</LEDGERNAME>
<AMOUNT>8.1000000</AMOUNT>
</ALLLEDGERENTRIES.LIST>
<ALLLEDGERENTRIES.LIST>
<REMOVEZEROENTRIES>No</REMOVEZEROENTRIES>
<ISDEEMEDPOSITIVE>No</ISDEEMEDPOSITIVE>
<LEDGERFROMITEM>No</LEDGERFROMITEM>
<LEDGERNAME>Container Handling Services-Import-GST</LEDGERNAME>
<AMOUNT>400.000</AMOUNT>
</ALLLEDGERENTRIES.LIST>
<ALLLEDGERENTRIES.LIST>
<REMOVEZEROENTRIES>No</REMOVEZEROENTRIES>
<ISDEEMEDPOSITIVE>No</ISDEEMEDPOSITIVE>
<LEDGERFROMITEM>No</LEDGERFROMITEM>
<LEDGERNAME>CGST</LEDGERNAME>
<AMOUNT>36.0000000</AMOUNT>
</ALLLEDGERENTRIES.LIST>
<ALLLEDGERENTRIES.LIST>
<REMOVEZEROENTRIES>No</REMOVEZEROENTRIES>
<ISDEEMEDPOSITIVE>No</ISDEEMEDPOSITIVE>
<LEDGERFROMITEM>No</LEDGERFROMITEM>
<LEDGERNAME>SGST</LEDGERNAME>
<AMOUNT>36.0000000</AMOUNT>
</ALLLEDGERENTRIES.LIST>
<ALLLEDGERENTRIES.LIST>
<REMOVEZEROENTRIES>No</REMOVEZEROENTRIES>
<ISDEEMEDPOSITIVE>No</ISDEEMEDPOSITIVE>
<LEDGERFROMITEM>No</LEDGERFROMITEM>
<LEDGERNAME>Container Handling Services-Import-GST</LEDGERNAME>
<AMOUNT>7200.000</AMOUNT>
</ALLLEDGERENTRIES.LIST>
<ALLLEDGERENTRIES.LIST>
<REMOVEZEROENTRIES>No</REMOVEZEROENTRIES>
<ISDEEMEDPOSITIVE>No</ISDEEMEDPOSITIVE>
<LEDGERFROMITEM>No</LEDGERFROMITEM>
<LEDGERNAME>CGST</LEDGERNAME>
<AMOUNT>648.0000000</AMOUNT>
</ALLLEDGERENTRIES.LIST>
<ALLLEDGERENTRIES.LIST>
<REMOVEZEROENTRIES>No</REMOVEZEROENTRIES>
<ISDEEMEDPOSITIVE>No</ISDEEMEDPOSITIVE>
<LEDGERFROMITEM>No</LEDGERFROMITEM>
<LEDGERNAME>SGST</LEDGERNAME>
<AMOUNT>648.0000000</AMOUNT>
</ALLLEDGERENTRIES.LIST>
<ALLLEDGERENTRIES.LIST>
<REMOVEZEROENTRIES>No</REMOVEZEROENTRIES>
<ISDEEMEDPOSITIVE>No</ISDEEMEDPOSITIVE>
<LEDGERFROMITEM>No</LEDGERFROMITEM>
<LEDGERNAME>Container Handling Services-Import-GST</LEDGERNAME>
<AMOUNT>3600.000</AMOUNT>
</ALLLEDGERENTRIES.LIST>
<ALLLEDGERENTRIES.LIST>
<REMOVEZEROENTRIES>No</REMOVEZEROENTRIES>
<ISDEEMEDPOSITIVE>No</ISDEEMEDPOSITIVE>
<LEDGERFROMITEM>No</LEDGERFROMITEM>
<LEDGERNAME>CGST</LEDGERNAME>
<AMOUNT>324.0000000</AMOUNT>
</ALLLEDGERENTRIES.LIST>
<ALLLEDGERENTRIES.LIST>
<REMOVEZEROENTRIES>No</REMOVEZEROENTRIES>
<ISDEEMEDPOSITIVE>No</ISDEEMEDPOSITIVE>
<LEDGERFROMITEM>No</LEDGERFROMITEM>
<LEDGERNAME>SGST</LEDGERNAME>
<AMOUNT>324.0000000</AMOUNT>
</ALLLEDGERENTRIES.LIST>
<ALLLEDGERENTRIES.LIST>
<REMOVEZEROENTRIES>No</REMOVEZEROENTRIES>
<ISDEEMEDPOSITIVE>No</ISDEEMEDPOSITIVE>
<LEDGERFROMITEM>No</LEDGERFROMITEM>
<LEDGERNAME>Container Handling Services-Import-GST</LEDGERNAME>
<AMOUNT>3300.000</AMOUNT>
</ALLLEDGERENTRIES.LIST>
<ALLLEDGERENTRIES.LIST>
<REMOVEZEROENTRIES>No</REMOVEZEROENTRIES>
<ISDEEMEDPOSITIVE>No</ISDEEMEDPOSITIVE>
<LEDGERFROMITEM>No</LEDGERFROMITEM>
<LEDGERNAME>CGST</LEDGERNAME>
<AMOUNT>297.0000000</AMOUNT>
</ALLLEDGERENTRIES.LIST>
<ALLLEDGERENTRIES.LIST>
<REMOVEZEROENTRIES>No</REMOVEZEROENTRIES>
<ISDEEMEDPOSITIVE>No</ISDEEMEDPOSITIVE>
<LEDGERFROMITEM>No</LEDGERFROMITEM>
<LEDGERNAME>SGST</LEDGERNAME>
<AMOUNT>297.0000000</AMOUNT>
</ALLLEDGERENTRIES.LIST>
<ALLLEDGERENTRIES.LIST>
<REMOVEZEROENTRIES>No</REMOVEZEROENTRIES>
<ISDEEMEDPOSITIVE>No</ISDEEMEDPOSITIVE>
<LEDGERFROMITEM>No</LEDGERFROMITEM>
<LEDGERNAME>SHORT AND EXCESS</LEDGERNAME>
<AMOUNT>-0.400</AMOUNT>
</ALLLEDGERENTRIES.LIST>
</VOUCHER>
<VOUCHER>
<ISOPTIONAL>No</ISOPTIONAL>
<USEFORGAINLOSS>No</USEFORGAINLOSS>
<USEFORCOMPOUND>No</USEFORCOMPOUND>
<VOUCHERTYPENAME>Sales-Import-CFSM</VOUCHERTYPENAME>
<DATE>20200109</DATE>
<EFFECTIVEDATE>20200109</EFFECTIVEDATE>
<ISCANCELLED>No</ISCANCELLED>
<USETRACKINGNUMBER>No</USETRACKINGNUMBER>
<ISPOSTDATED>No</ISPOSTDATED>
<ISINVOICE>No</ISINVOICE>
<DIFFACTUALQTY>No</DIFFACTUALQTY>
<VOUCHERNUMBER>ALSI012562/19-20</VOUCHERNUMBER>
<PARTYLEDGERNAME>KAISH IMPEX PRIVATE LIMITED</PARTYLEDGERNAME>
<STATENAME>Maharashtra</STATENAME>
<NARRATION>Being amount debited towards IGM No: 2243403, BL NO: BAXSSS079475, Importer: KAISH IMPEX PRIVATE LIMITED, VOY NO: 910, Vessel: MS TIGER, LINER: FREIGHT CONNECTION INDIA PVT. LTD and containers:  3 X 40, Invoice No: ALSI012562/19-20</NARRATION>
<PARTYGSTIN>27AAGCK9660D1ZC</PARTYGSTIN>
<ALLLEDGERENTRIES.LIST>
<REMOVEZEROENTRIES>No</REMOVEZEROENTRIES>
<ISDEEMEDPOSITIVE>Yes</ISDEEMEDPOSITIVE>
<LEDGERFROMITEM>No</LEDGERFROMITEM>
<LEDGERNAME>KAISH IMPEX PRIVATE LIMITED</LEDGERNAME>
<AMOUNT>-35.000</AMOUNT>
<BILLALLOCATIONS.LIST>
<NAME>ALSI012562/19-20</NAME>
<BILLTYPE>New Ref</BILLTYPE>
<AMOUNT>-35.000</AMOUNT>
</BILLALLOCATIONS.LIST>
</ALLLEDGERENTRIES.LIST>
<ALLLEDGERENTRIES.LIST>
<REMOVEZEROENTRIES>No</REMOVEZEROENTRIES>
<ISDEEMEDPOSITIVE>No</ISDEEMEDPOSITIVE>
<LEDGERFROMITEM>No</LEDGERFROMITEM>
<LEDGERNAME>Container Handling Services-Import-GST</LEDGERNAME>
<AMOUNT>30.000</AMOUNT>
</ALLLEDGERENTRIES.LIST>
<ALLLEDGERENTRIES.LIST>
<REMOVEZEROENTRIES>No</REMOVEZEROENTRIES>
<ISDEEMEDPOSITIVE>No</ISDEEMEDPOSITIVE>
<LEDGERFROMITEM>No</LEDGERFROMITEM>
<LEDGERNAME>CGST</LEDGERNAME>
<AMOUNT>2.7000000</AMOUNT>
</ALLLEDGERENTRIES.LIST>
<ALLLEDGERENTRIES.LIST>
<REMOVEZEROENTRIES>No</REMOVEZEROENTRIES>
<ISDEEMEDPOSITIVE>No</ISDEEMEDPOSITIVE>
<LEDGERFROMITEM>No</LEDGERFROMITEM>
<LEDGERNAME>SGST</LEDGERNAME>
<AMOUNT>2.7000000</AMOUNT>
</ALLLEDGERENTRIES.LIST>
<ALLLEDGERENTRIES.LIST>
<REMOVEZEROENTRIES>No</REMOVEZEROENTRIES>
<ISDEEMEDPOSITIVE>No</ISDEEMEDPOSITIVE>
<LEDGERFROMITEM>No</LEDGERFROMITEM>
<LEDGERNAME>SHORT AND EXCESS</LEDGERNAME>
<AMOUNT>-0.400</AMOUNT>
</ALLLEDGERENTRIES.LIST>
</VOUCHER>
<VOUCHER>
<ISOPTIONAL>No</ISOPTIONAL>
<USEFORGAINLOSS>No</USEFORGAINLOSS>
<USEFORCOMPOUND>No</USEFORCOMPOUND>
<VOUCHERTYPENAME>Sales-Import-CFSM</VOUCHERTYPENAME>
<DATE>20200109</DATE>
<EFFECTIVEDATE>20200109</EFFECTIVEDATE>
<ISCANCELLED>No</ISCANCELLED>
<USETRACKINGNUMBER>No</USETRACKINGNUMBER>
<ISPOSTDATED>No</ISPOSTDATED>
<ISINVOICE>No</ISINVOICE>
<DIFFACTUALQTY>No</DIFFACTUALQTY>
<VOUCHERNUMBER>ALSI012563/19-20</VOUCHERNUMBER>
<PARTYLEDGERNAME>STREAM LINE LOGISTICS PRIVATE LIMITED</PARTYLEDGERNAME>
<STATENAME>Maharashtra</STATENAME>
<NARRATION>Being amount debited towards IGM No: 2242640, BL NO: COAU7112100690, Importer: ME N MOMS PRIVATE LIMITED.,      1, VOY NO: 138W, Vessel: CSCL ASIA, LINER: Cosco(OffdocTHC) Shipping Line and containers:  1 X 40, Invoice No: ALSI012563/19-20</NARRATION>
<PARTYGSTIN>27AAJCS4600C1ZP</PARTYGSTIN>
<ALLLEDGERENTRIES.LIST>
<REMOVEZEROENTRIES>No</REMOVEZEROENTRIES>
<ISDEEMEDPOSITIVE>Yes</ISDEEMEDPOSITIVE>
<LEDGERFROMITEM>No</LEDGERFROMITEM>
<LEDGERNAME>STREAM LINE LOGISTICS PRIVATE LIMITED</LEDGERNAME>
<AMOUNT>-35518.000</AMOUNT>
<BILLALLOCATIONS.LIST>
<NAME>ALSI012563/19-20</NAME>
<BILLTYPE>New Ref</BILLTYPE>
<AMOUNT>-35518.000</AMOUNT>
</BILLALLOCATIONS.LIST>
</ALLLEDGERENTRIES.LIST>
<ALLLEDGERENTRIES.LIST>
<REMOVEZEROENTRIES>No</REMOVEZEROENTRIES>
<ISDEEMEDPOSITIVE>No</ISDEEMEDPOSITIVE>
<LEDGERFROMITEM>No</LEDGERFROMITEM>
<LEDGERNAME>Container Handling Services-Import-GST</LEDGERNAME>
<AMOUNT>11000.000</AMOUNT>
</ALLLEDGERENTRIES.LIST>
<ALLLEDGERENTRIES.LIST>
<REMOVEZEROENTRIES>No</REMOVEZEROENTRIES>
<ISDEEMEDPOSITIVE>No</ISDEEMEDPOSITIVE>
<LEDGERFROMITEM>No</LEDGERFROMITEM>
<LEDGERNAME>CGST</LEDGERNAME>
<AMOUNT>990.0000000</AMOUNT>
</ALLLEDGERENTRIES.LIST>
<ALLLEDGERENTRIES.LIST>
<REMOVEZEROENTRIES>No</REMOVEZEROENTRIES>
<ISDEEMEDPOSITIVE>No</ISDEEMEDPOSITIVE>
<LEDGERFROMITEM>No</LEDGERFROMITEM>
<LEDGERNAME>SGST</LEDGERNAME>
<AMOUNT>990.0000000</AMOUNT>
</ALLLEDGERENTRIES.LIST>
<ALLLEDGERENTRIES.LIST>
<REMOVEZEROENTRIES>No</REMOVEZEROENTRIES>
<ISDEEMEDPOSITIVE>No</ISDEEMEDPOSITIVE>
<LEDGERFROMITEM>No</LEDGERFROMITEM>
<LEDGERNAME>Other Storage and Warehousing Services-Import-GST</LEDGERNAME>
<AMOUNT>8000.000</AMOUNT>
</ALLLEDGERENTRIES.LIST>
<ALLLEDGERENTRIES.LIST>
<REMOVEZEROENTRIES>No</REMOVEZEROENTRIES>
<ISDEEMEDPOSITIVE>No</ISDEEMEDPOSITIVE>
<LEDGERFROMITEM>No</LEDGERFROMITEM>
<LEDGERNAME>CGST</LEDGERNAME>
<AMOUNT>720.0000000</AMOUNT>
</ALLLEDGERENTRIES.LIST>
<ALLLEDGERENTRIES.LIST>
<REMOVEZEROENTRIES>No</REMOVEZEROENTRIES>
<ISDEEMEDPOSITIVE>No</ISDEEMEDPOSITIVE>
<LEDGERFROMITEM>No</LEDGERFROMITEM>
<LEDGERNAME>SGST</LEDGERNAME>
<AMOUNT>720.0000000</AMOUNT>
</ALLLEDGERENTRIES.LIST>
<ALLLEDGERENTRIES.LIST>
<REMOVEZEROENTRIES>No</REMOVEZEROENTRIES>
<ISDEEMEDPOSITIVE>No</ISDEEMEDPOSITIVE>
<LEDGERFROMITEM>No</LEDGERFROMITEM>
<LEDGERNAME>Container Handling Services-Import-GST</LEDGERNAME>
<AMOUNT>10000.000</AMOUNT>
</ALLLEDGERENTRIES.LIST>
<ALLLEDGERENTRIES.LIST>
<REMOVEZEROENTRIES>No</REMOVEZEROENTRIES>
<ISDEEMEDPOSITIVE>No</ISDEEMEDPOSITIVE>
<LEDGERFROMITEM>No</LEDGERFROMITEM>
<LEDGERNAME>CGST</LEDGERNAME>
<AMOUNT>900.0000000</AMOUNT>
</ALLLEDGERENTRIES.LIST>
<ALLLEDGERENTRIES.LIST>
<REMOVEZEROENTRIES>No</REMOVEZEROENTRIES>
<ISDEEMEDPOSITIVE>No</ISDEEMEDPOSITIVE>
<LEDGERFROMITEM>No</LEDGERFROMITEM>
<LEDGERNAME>SGST</LEDGERNAME>
<AMOUNT>900.0000000</AMOUNT>
</ALLLEDGERENTRIES.LIST>
<ALLLEDGERENTRIES.LIST>
<REMOVEZEROENTRIES>No</REMOVEZEROENTRIES>
<ISDEEMEDPOSITIVE>No</ISDEEMEDPOSITIVE>
<LEDGERFROMITEM>No</LEDGERFROMITEM>
<LEDGERNAME>Container Handling Services-Import-GST</LEDGERNAME>
<AMOUNT>1100.000</AMOUNT>
</ALLLEDGERENTRIES.LIST>
<ALLLEDGERENTRIES.LIST>
<REMOVEZEROENTRIES>No</REMOVEZEROENTRIES>
<ISDEEMEDPOSITIVE>No</ISDEEMEDPOSITIVE>
<LEDGERFROMITEM>No</LEDGERFROMITEM>
<LEDGERNAME>CGST</LEDGERNAME>
<AMOUNT>99.0000000</AMOUNT>
</ALLLEDGERENTRIES.LIST>
<ALLLEDGERENTRIES.LIST>
<REMOVEZEROENTRIES>No</REMOVEZEROENTRIES>
<ISDEEMEDPOSITIVE>No</ISDEEMEDPOSITIVE>
<LEDGERFROMITEM>No</LEDGERFROMITEM>
<LEDGERNAME>SGST</LEDGERNAME>
<AMOUNT>99.0000000</AMOUNT>
</ALLLEDGERENTRIES.LIST>
<ALLLEDGERENTRIES.LIST>
<REMOVEZEROENTRIES>No</REMOVEZEROENTRIES>
<ISDEEMEDPOSITIVE>No</ISDEEMEDPOSITIVE>
<LEDGERFROMITEM>No</LEDGERFROMITEM>
<LEDGERNAME>SHORT AND EXCESS</LEDGERNAME>
<AMOUNT>0.000</AMOUNT>
</ALLLEDGERENTRIES.LIST>
</VOUCHER>
<VOUCHER>
<ISOPTIONAL>No</ISOPTIONAL>
<USEFORGAINLOSS>No</USEFORGAINLOSS>
<USEFORCOMPOUND>No</USEFORCOMPOUND>
<VOUCHERTYPENAME>Sales-Import-CFSM</VOUCHERTYPENAME>
<DATE>20200109</DATE>
<EFFECTIVEDATE>20200109</EFFECTIVEDATE>
<ISCANCELLED>No</ISCANCELLED>
<USETRACKINGNUMBER>No</USETRACKINGNUMBER>
<ISPOSTDATED>No</ISPOSTDATED>
<ISINVOICE>No</ISINVOICE>
<DIFFACTUALQTY>No</DIFFACTUALQTY>
<VOUCHERNUMBER>ALSI012564/19-20</VOUCHERNUMBER>
<PARTYLEDGERNAME>UNICHEM LABORATORIES LTD</PARTYLEDGERNAME>
<STATENAME>Maharashtra</STATENAME>
<NARRATION>Being amount debited towards IGM No: 2243068, BL NO: 0279696220, Importer: UNICHEM LABORATORIES LIMITED, VOY NO: 926, Vessel: WAN HAI 513, LINER: WAN HAI LINE and containers:  1 X 20, Invoice No: ALSI012564/19-20</NARRATION>
<PARTYGSTIN>27AAACU0551B1ZW</PARTYGSTIN>
<ALLLEDGERENTRIES.LIST>
<REMOVEZEROENTRIES>No</REMOVEZEROENTRIES>
<ISDEEMEDPOSITIVE>Yes</ISDEEMEDPOSITIVE>
<LEDGERFROMITEM>No</LEDGERFROMITEM>
<LEDGERNAME>UNICHEM LABORATORIES LTD</LEDGERNAME>
<AMOUNT>-148.000</AMOUNT>
<BILLALLOCATIONS.LIST>
<NAME>ALSI012564/19-20</NAME>
<BILLTYPE>New Ref</BILLTYPE>
<AMOUNT>-148.000</AMOUNT>
</BILLALLOCATIONS.LIST>
</ALLLEDGERENTRIES.LIST>
<ALLLEDGERENTRIES.LIST>
<REMOVEZEROENTRIES>No</REMOVEZEROENTRIES>
<ISDEEMEDPOSITIVE>No</ISDEEMEDPOSITIVE>
<LEDGERFROMITEM>No</LEDGERFROMITEM>
<LEDGERNAME>Container Handling Services-Import-GST</LEDGERNAME>
<AMOUNT>125.000</AMOUNT>
</ALLLEDGERENTRIES.LIST>
<ALLLEDGERENTRIES.LIST>
<REMOVEZEROENTRIES>No</REMOVEZEROENTRIES>
<ISDEEMEDPOSITIVE>No</ISDEEMEDPOSITIVE>
<LEDGERFROMITEM>No</LEDGERFROMITEM>
<LEDGERNAME>CGST</LEDGERNAME>
<AMOUNT>11.2500000</AMOUNT>
</ALLLEDGERENTRIES.LIST>
<ALLLEDGERENTRIES.LIST>
<REMOVEZEROENTRIES>No</REMOVEZEROENTRIES>
<ISDEEMEDPOSITIVE>No</ISDEEMEDPOSITIVE>
<LEDGERFROMITEM>No</LEDGERFROMITEM>
<LEDGERNAME>SGST</LEDGERNAME>
<AMOUNT>11.2500000</AMOUNT>
</ALLLEDGERENTRIES.LIST>
<ALLLEDGERENTRIES.LIST>
<REMOVEZEROENTRIES>No</REMOVEZEROENTRIES>
<ISDEEMEDPOSITIVE>No</ISDEEMEDPOSITIVE>
<LEDGERFROMITEM>No</LEDGERFROMITEM>
<LEDGERNAME>SHORT AND EXCESS</LEDGERNAME>
<AMOUNT>0.500</AMOUNT>
</ALLLEDGERENTRIES.LIST>
</VOUCHER>
<VOUCHER>
<ISOPTIONAL>No</ISOPTIONAL>
<USEFORGAINLOSS>No</USEFORGAINLOSS>
<USEFORCOMPOUND>No</USEFORCOMPOUND>
<VOUCHERTYPENAME>Sales-Import-CFSM</VOUCHERTYPENAME>
<DATE>20200109</DATE>
<EFFECTIVEDATE>20200109</EFFECTIVEDATE>
<ISCANCELLED>No</ISCANCELLED>
<USETRACKINGNUMBER>No</USETRACKINGNUMBER>
<ISPOSTDATED>No</ISPOSTDATED>
<ISINVOICE>No</ISINVOICE>
<DIFFACTUALQTY>No</DIFFACTUALQTY>
<VOUCHERNUMBER>ALSI012566/19-20</VOUCHERNUMBER>
<PARTYLEDGERNAME>MUMBAI TOYS COMPANY</PARTYLEDGERNAME>
<STATENAME>Gujarat</STATENAME>
<NARRATION>Being amount debited towards IGM No: 2243433, BL NO: 1649503706, Importer: MUMBAI TOYS COMPANY, VOY NO: 057, Vessel: WAN HAI 503, LINER: WAN HAI LINE and containers:  1 X 20, Invoice No: ALSI012566/19-20</NARRATION>
<PARTYGSTIN>24ABKFM9892P1Z5</PARTYGSTIN>
<ALLLEDGERENTRIES.LIST>
<REMOVEZEROENTRIES>No</REMOVEZEROENTRIES>
<ISDEEMEDPOSITIVE>Yes</ISDEEMEDPOSITIVE>
<LEDGERFROMITEM>No</LEDGERFROMITEM>
<LEDGERNAME>MUMBAI TOYS COMPANY</LEDGERNAME>
<AMOUNT>-17794.000</AMOUNT>
<BILLALLOCATIONS.LIST>
<NAME>ALSI012566/19-20</NAME>
<BILLTYPE>New Ref</BILLTYPE>
<AMOUNT>-17794.000</AMOUNT>
</BILLALLOCATIONS.LIST>
</ALLLEDGERENTRIES.LIST>
<ALLLEDGERENTRIES.LIST>
<REMOVEZEROENTRIES>No</REMOVEZEROENTRIES>
<ISDEEMEDPOSITIVE>No</ISDEEMEDPOSITIVE>
<LEDGERFROMITEM>No</LEDGERFROMITEM>
<LEDGERNAME>Container Handling Services-Import-GST</LEDGERNAME>
<AMOUNT>11500.000</AMOUNT>
</ALLLEDGERENTRIES.LIST>
<ALLLEDGERENTRIES.LIST>
<REMOVEZEROENTRIES>No</REMOVEZEROENTRIES>
<ISDEEMEDPOSITIVE>No</ISDEEMEDPOSITIVE>
<LEDGERFROMITEM>No</LEDGERFROMITEM>
<LEDGERNAME>IGST</LEDGERNAME>
<AMOUNT>2070.0000000</AMOUNT>
</ALLLEDGERENTRIES.LIST>
<ALLLEDGERENTRIES.LIST>
<REMOVEZEROENTRIES>No</REMOVEZEROENTRIES>
<ISDEEMEDPOSITIVE>No</ISDEEMEDPOSITIVE>
<LEDGERFROMITEM>No</LEDGERFROMITEM>
<LEDGERNAME>Container Handling Services-Import-GST</LEDGERNAME>
<AMOUNT>3000.000</AMOUNT>
</ALLLEDGERENTRIES.LIST>
<ALLLEDGERENTRIES.LIST>
<REMOVEZEROENTRIES>No</REMOVEZEROENTRIES>
<ISDEEMEDPOSITIVE>No</ISDEEMEDPOSITIVE>
<LEDGERFROMITEM>No</LEDGERFROMITEM>
<LEDGERNAME>IGST</LEDGERNAME>
<AMOUNT>540.0000000</AMOUNT>
</ALLLEDGERENTRIES.LIST>
<ALLLEDGERENTRIES.LIST>
<REMOVEZEROENTRIES>No</REMOVEZEROENTRIES>
<ISDEEMEDPOSITIVE>No</ISDEEMEDPOSITIVE>
<LEDGERFROMITEM>No</LEDGERFROMITEM>
<LEDGERNAME>Container Handling Services-Import-GST</LEDGERNAME>
<AMOUNT>30.000</AMOUNT>
</ALLLEDGERENTRIES.LIST>
<ALLLEDGERENTRIES.LIST>
<REMOVEZEROENTRIES>No</REMOVEZEROENTRIES>
<ISDEEMEDPOSITIVE>No</ISDEEMEDPOSITIVE>
<LEDGERFROMITEM>No</LEDGERFROMITEM>
<LEDGERNAME>IGST</LEDGERNAME>
<AMOUNT>5.4000000</AMOUNT>
</ALLLEDGERENTRIES.LIST>
<ALLLEDGERENTRIES.LIST>
<REMOVEZEROENTRIES>No</REMOVEZEROENTRIES>
<ISDEEMEDPOSITIVE>No</ISDEEMEDPOSITIVE>
<LEDGERFROMITEM>No</LEDGERFROMITEM>
<LEDGERNAME>Container Handling Services-Import-GST</LEDGERNAME>
<AMOUNT>550.000</AMOUNT>
</ALLLEDGERENTRIES.LIST>
<ALLLEDGERENTRIES.LIST>
<REMOVEZEROENTRIES>No</REMOVEZEROENTRIES>
<ISDEEMEDPOSITIVE>No</ISDEEMEDPOSITIVE>
<LEDGERFROMITEM>No</LEDGERFROMITEM>
<LEDGERNAME>IGST</LEDGERNAME>
<AMOUNT>99.0000000</AMOUNT>
</ALLLEDGERENTRIES.LIST>
<ALLLEDGERENTRIES.LIST>
<REMOVEZEROENTRIES>No</REMOVEZEROENTRIES>
<ISDEEMEDPOSITIVE>No</ISDEEMEDPOSITIVE>
<LEDGERFROMITEM>No</LEDGERFROMITEM>
<LEDGERNAME>SHORT AND EXCESS</LEDGERNAME>
<AMOUNT>-0.400</AMOUNT>
</ALLLEDGERENTRIES.LIST>
</VOUCHER>
<VOUCHER>
<ISOPTIONAL>No</ISOPTIONAL>
<USEFORGAINLOSS>No</USEFORGAINLOSS>
<USEFORCOMPOUND>No</USEFORCOMPOUND>
<VOUCHERTYPENAME>Sales-Import-CFSM</VOUCHERTYPENAME>
<DATE>20200109</DATE>
<EFFECTIVEDATE>20200109</EFFECTIVEDATE>
<ISCANCELLED>No</ISCANCELLED>
<USETRACKINGNUMBER>No</USETRACKINGNUMBER>
<ISPOSTDATED>No</ISPOSTDATED>
<ISINVOICE>No</ISINVOICE>
<DIFFACTUALQTY>No</DIFFACTUALQTY>
<VOUCHERNUMBER>ALSI012567/19-20</VOUCHERNUMBER>
<PARTYLEDGERNAME>RHJ INDUSTRIES PVT LTD</PARTYLEDGERNAME>
<STATENAME>Daman and Diu</STATENAME>
<NARRATION>Being amount debited towards IGM No: 2241931, BL NO: HLCUMUC191014415, Importer: RHJ INDUSTRIES PRIVATE LIMITED, VOY NO: 950, Vessel: COSCO BELGIUM, LINER: Hapag OffDocTHC-Hapag LLoyd India Pvt. Ltd. and containers:  2 X 20, Invoice No: ALSI012567/19-20</NARRATION>
<PARTYGSTIN>25AAACR2818L1ZC</PARTYGSTIN>
<ALLLEDGERENTRIES.LIST>
<REMOVEZEROENTRIES>No</REMOVEZEROENTRIES>
<ISDEEMEDPOSITIVE>Yes</ISDEEMEDPOSITIVE>
<LEDGERFROMITEM>No</LEDGERFROMITEM>
<LEDGERNAME>RHJ INDUSTRIES PVT LTD</LEDGERNAME>
<AMOUNT>-67732.000</AMOUNT>
<BILLALLOCATIONS.LIST>
<NAME>ALSI012567/19-20</NAME>
<BILLTYPE>New Ref</BILLTYPE>
<AMOUNT>-67732.000</AMOUNT>
</BILLALLOCATIONS.LIST>
</ALLLEDGERENTRIES.LIST>
<ALLLEDGERENTRIES.LIST>
<REMOVEZEROENTRIES>No</REMOVEZEROENTRIES>
<ISDEEMEDPOSITIVE>No</ISDEEMEDPOSITIVE>
<LEDGERFROMITEM>No</LEDGERFROMITEM>
<LEDGERNAME>Container Handling Services-Import-GST</LEDGERNAME>
<AMOUNT>12000.000</AMOUNT>
</ALLLEDGERENTRIES.LIST>
<ALLLEDGERENTRIES.LIST>
<REMOVEZEROENTRIES>No</REMOVEZEROENTRIES>
<ISDEEMEDPOSITIVE>No</ISDEEMEDPOSITIVE>
<LEDGERFROMITEM>No</LEDGERFROMITEM>
<LEDGERNAME>IGST</LEDGERNAME>
<AMOUNT>2160.0000000</AMOUNT>
</ALLLEDGERENTRIES.LIST>
<ALLLEDGERENTRIES.LIST>
<REMOVEZEROENTRIES>No</REMOVEZEROENTRIES>
<ISDEEMEDPOSITIVE>No</ISDEEMEDPOSITIVE>
<LEDGERFROMITEM>No</LEDGERFROMITEM>
<LEDGERNAME>Container Handling Services-Import-GST</LEDGERNAME>
<AMOUNT>1000.000</AMOUNT>
</ALLLEDGERENTRIES.LIST>
<ALLLEDGERENTRIES.LIST>
<REMOVEZEROENTRIES>No</REMOVEZEROENTRIES>
<ISDEEMEDPOSITIVE>No</ISDEEMEDPOSITIVE>
<LEDGERFROMITEM>No</LEDGERFROMITEM>
<LEDGERNAME>IGST</LEDGERNAME>
<AMOUNT>180.0000000</AMOUNT>
</ALLLEDGERENTRIES.LIST>
<ALLLEDGERENTRIES.LIST>
<REMOVEZEROENTRIES>No</REMOVEZEROENTRIES>
<ISDEEMEDPOSITIVE>No</ISDEEMEDPOSITIVE>
<LEDGERFROMITEM>No</LEDGERFROMITEM>
<LEDGERNAME>Other Storage and Warehousing Services-Import-GST</LEDGERNAME>
<AMOUNT>24300.000</AMOUNT>
</ALLLEDGERENTRIES.LIST>
<ALLLEDGERENTRIES.LIST>
<REMOVEZEROENTRIES>No</REMOVEZEROENTRIES>
<ISDEEMEDPOSITIVE>No</ISDEEMEDPOSITIVE>
<LEDGERFROMITEM>No</LEDGERFROMITEM>
<LEDGERNAME>IGST</LEDGERNAME>
<AMOUNT>4374.0000000</AMOUNT>
</ALLLEDGERENTRIES.LIST>
<ALLLEDGERENTRIES.LIST>
<REMOVEZEROENTRIES>No</REMOVEZEROENTRIES>
<ISDEEMEDPOSITIVE>No</ISDEEMEDPOSITIVE>
<LEDGERFROMITEM>No</LEDGERFROMITEM>
<LEDGERNAME>Container Handling Services-Import-GST</LEDGERNAME>
<AMOUNT>19000.000</AMOUNT>
</ALLLEDGERENTRIES.LIST>
<ALLLEDGERENTRIES.LIST>
<REMOVEZEROENTRIES>No</REMOVEZEROENTRIES>
<ISDEEMEDPOSITIVE>No</ISDEEMEDPOSITIVE>
<LEDGERFROMITEM>No</LEDGERFROMITEM>
<LEDGERNAME>IGST</LEDGERNAME>
<AMOUNT>3420.0000000</AMOUNT>
</ALLLEDGERENTRIES.LIST>
<ALLLEDGERENTRIES.LIST>
<REMOVEZEROENTRIES>No</REMOVEZEROENTRIES>
<ISDEEMEDPOSITIVE>No</ISDEEMEDPOSITIVE>
<LEDGERFROMITEM>No</LEDGERFROMITEM>
<LEDGERNAME>Container Handling Services-Import-GST</LEDGERNAME>
<AMOUNT>1100.000</AMOUNT>
</ALLLEDGERENTRIES.LIST>
<ALLLEDGERENTRIES.LIST>
<REMOVEZEROENTRIES>No</REMOVEZEROENTRIES>
<ISDEEMEDPOSITIVE>No</ISDEEMEDPOSITIVE>
<LEDGERFROMITEM>No</LEDGERFROMITEM>
<LEDGERNAME>IGST</LEDGERNAME>
<AMOUNT>198.0000000</AMOUNT>
</ALLLEDGERENTRIES.LIST>
<ALLLEDGERENTRIES.LIST>
<REMOVEZEROENTRIES>No</REMOVEZEROENTRIES>
<ISDEEMEDPOSITIVE>No</ISDEEMEDPOSITIVE>
<LEDGERFROMITEM>No</LEDGERFROMITEM>
<LEDGERNAME>SHORT AND EXCESS</LEDGERNAME>
<AMOUNT>0.000</AMOUNT>
</ALLLEDGERENTRIES.LIST>
</VOUCHER>
<VOUCHER>
<ISOPTIONAL>No</ISOPTIONAL>
<USEFORGAINLOSS>No</USEFORGAINLOSS>
<USEFORCOMPOUND>No</USEFORCOMPOUND>
<VOUCHERTYPENAME>Sales-Import-CFSM</VOUCHERTYPENAME>
<DATE>20200109</DATE>
<EFFECTIVEDATE>20200109</EFFECTIVEDATE>
<ISCANCELLED>No</ISCANCELLED>
<USETRACKINGNUMBER>No</USETRACKINGNUMBER>
<ISPOSTDATED>No</ISPOSTDATED>
<ISINVOICE>No</ISINVOICE>
<DIFFACTUALQTY>No</DIFFACTUALQTY>
<VOUCHERNUMBER>ALSI012568/19-20</VOUCHERNUMBER>
<PARTYLEDGERNAME>RHJ INDUSTRIES PVT LTD</PARTYLEDGERNAME>
<STATENAME>Daman and Diu</STATENAME>
<NARRATION>Being amount debited towards IGM No: 2242238, BL NO: SCJUA5220549AA, Importer: RHJ INDUSTRIES PRIVATE LIMITED, VOY NO: IS951R, Vessel: MSC BENEDETTA, LINER: J.M. BAXI AND CO. and containers:  1 X 20, Invoice No: ALSI012568/19-20</NARRATION>
<PARTYGSTIN>25AAACR2818L1ZC</PARTYGSTIN>
<ALLLEDGERENTRIES.LIST>
<REMOVEZEROENTRIES>No</REMOVEZEROENTRIES>
<ISDEEMEDPOSITIVE>Yes</ISDEEMEDPOSITIVE>
<LEDGERFROMITEM>No</LEDGERFROMITEM>
<LEDGERNAME>RHJ INDUSTRIES PVT LTD</LEDGERNAME>
<AMOUNT>-33040.000</AMOUNT>
<BILLALLOCATIONS.LIST>
<NAME>ALSI012568/19-20</NAME>
<BILLTYPE>New Ref</BILLTYPE>
<AMOUNT>-33040.000</AMOUNT>
</BILLALLOCATIONS.LIST>
</ALLLEDGERENTRIES.LIST>
<ALLLEDGERENTRIES.LIST>
<REMOVEZEROENTRIES>No</REMOVEZEROENTRIES>
<ISDEEMEDPOSITIVE>No</ISDEEMEDPOSITIVE>
<LEDGERFROMITEM>No</LEDGERFROMITEM>
<LEDGERNAME>Container Handling Services-Import-GST</LEDGERNAME>
<AMOUNT>4500.000</AMOUNT>
</ALLLEDGERENTRIES.LIST>
<ALLLEDGERENTRIES.LIST>
<REMOVEZEROENTRIES>No</REMOVEZEROENTRIES>
<ISDEEMEDPOSITIVE>No</ISDEEMEDPOSITIVE>
<LEDGERFROMITEM>No</LEDGERFROMITEM>
<LEDGERNAME>IGST</LEDGERNAME>
<AMOUNT>810.0000000</AMOUNT>
</ALLLEDGERENTRIES.LIST>
<ALLLEDGERENTRIES.LIST>
<REMOVEZEROENTRIES>No</REMOVEZEROENTRIES>
<ISDEEMEDPOSITIVE>No</ISDEEMEDPOSITIVE>
<LEDGERFROMITEM>No</LEDGERFROMITEM>
<LEDGERNAME>Container Handling Services-Import-GST</LEDGERNAME>
<AMOUNT>1000.000</AMOUNT>
</ALLLEDGERENTRIES.LIST>
<ALLLEDGERENTRIES.LIST>
<REMOVEZEROENTRIES>No</REMOVEZEROENTRIES>
<ISDEEMEDPOSITIVE>No</ISDEEMEDPOSITIVE>
<LEDGERFROMITEM>No</LEDGERFROMITEM>
<LEDGERNAME>IGST</LEDGERNAME>
<AMOUNT>180.0000000</AMOUNT>
</ALLLEDGERENTRIES.LIST>
<ALLLEDGERENTRIES.LIST>
<REMOVEZEROENTRIES>No</REMOVEZEROENTRIES>
<ISDEEMEDPOSITIVE>No</ISDEEMEDPOSITIVE>
<LEDGERFROMITEM>No</LEDGERFROMITEM>
<LEDGERNAME>Other Storage and Warehousing Services-Import-GST</LEDGERNAME>
<AMOUNT>9950.000</AMOUNT>
</ALLLEDGERENTRIES.LIST>
<ALLLEDGERENTRIES.LIST>
<REMOVEZEROENTRIES>No</REMOVEZEROENTRIES>
<ISDEEMEDPOSITIVE>No</ISDEEMEDPOSITIVE>
<LEDGERFROMITEM>No</LEDGERFROMITEM>
<LEDGERNAME>IGST</LEDGERNAME>
<AMOUNT>1791.0000000</AMOUNT>
</ALLLEDGERENTRIES.LIST>
<ALLLEDGERENTRIES.LIST>
<REMOVEZEROENTRIES>No</REMOVEZEROENTRIES>
<ISDEEMEDPOSITIVE>No</ISDEEMEDPOSITIVE>
<LEDGERFROMITEM>No</LEDGERFROMITEM>
<LEDGERNAME>Container Handling Services-Import-GST</LEDGERNAME>
<AMOUNT>3000.000</AMOUNT>
</ALLLEDGERENTRIES.LIST>
<ALLLEDGERENTRIES.LIST>
<REMOVEZEROENTRIES>No</REMOVEZEROENTRIES>
<ISDEEMEDPOSITIVE>No</ISDEEMEDPOSITIVE>
<LEDGERFROMITEM>No</LEDGERFROMITEM>
<LEDGERNAME>IGST</LEDGERNAME>
<AMOUNT>540.0000000</AMOUNT>
</ALLLEDGERENTRIES.LIST>
<ALLLEDGERENTRIES.LIST>
<REMOVEZEROENTRIES>No</REMOVEZEROENTRIES>
<ISDEEMEDPOSITIVE>No</ISDEEMEDPOSITIVE>
<LEDGERFROMITEM>No</LEDGERFROMITEM>
<LEDGERNAME>Container Handling Services-Import-GST</LEDGERNAME>
<AMOUNT>9000.000</AMOUNT>
</ALLLEDGERENTRIES.LIST>
<ALLLEDGERENTRIES.LIST>
<REMOVEZEROENTRIES>No</REMOVEZEROENTRIES>
<ISDEEMEDPOSITIVE>No</ISDEEMEDPOSITIVE>
<LEDGERFROMITEM>No</LEDGERFROMITEM>
<LEDGERNAME>IGST</LEDGERNAME>
<AMOUNT>1620.0000000</AMOUNT>
</ALLLEDGERENTRIES.LIST>
<ALLLEDGERENTRIES.LIST>
<REMOVEZEROENTRIES>No</REMOVEZEROENTRIES>
<ISDEEMEDPOSITIVE>No</ISDEEMEDPOSITIVE>
<LEDGERFROMITEM>No</LEDGERFROMITEM>
<LEDGERNAME>Container Handling Services-Import-GST</LEDGERNAME>
<AMOUNT>550.000</AMOUNT>
</ALLLEDGERENTRIES.LIST>
<ALLLEDGERENTRIES.LIST>
<REMOVEZEROENTRIES>No</REMOVEZEROENTRIES>
<ISDEEMEDPOSITIVE>No</ISDEEMEDPOSITIVE>
<LEDGERFROMITEM>No</LEDGERFROMITEM>
<LEDGERNAME>IGST</LEDGERNAME>
<AMOUNT>99.0000000</AMOUNT>
</ALLLEDGERENTRIES.LIST>
<ALLLEDGERENTRIES.LIST>
<REMOVEZEROENTRIES>No</REMOVEZEROENTRIES>
<ISDEEMEDPOSITIVE>No</ISDEEMEDPOSITIVE>
<LEDGERFROMITEM>No</LEDGERFROMITEM>
<LEDGERNAME>SHORT AND EXCESS</LEDGERNAME>
<AMOUNT>0.000</AMOUNT>
</ALLLEDGERENTRIES.LIST>
</VOUCHER>
<VOUCHER>
<ISOPTIONAL>No</ISOPTIONAL>
<USEFORGAINLOSS>No</USEFORGAINLOSS>
<USEFORCOMPOUND>No</USEFORCOMPOUND>
<VOUCHERTYPENAME>Sales-Import-CFSM</VOUCHERTYPENAME>
<DATE>20200109</DATE>
<EFFECTIVEDATE>20200109</EFFECTIVEDATE>
<ISCANCELLED>No</ISCANCELLED>
<USETRACKINGNUMBER>No</USETRACKINGNUMBER>
<ISPOSTDATED>No</ISPOSTDATED>
<ISINVOICE>No</ISINVOICE>
<DIFFACTUALQTY>No</DIFFACTUALQTY>
<VOUCHERNUMBER>ALSI012569/19-20</VOUCHERNUMBER>
<PARTYLEDGERNAME>SPOTON COATINGS PRIVATE LIMITED</PARTYLEDGERNAME>
<STATENAME>Gujarat</STATENAME>
<NARRATION>Being amount debited towards IGM No: 2243178, BL NO: COSU6253862910, Importer: SPOTON COATINGS PRIVATE LIMITED, VOY NO: 135, Vessel: YORK, LINER: Cosco(OffdocTHC) Shipping Line and containers:  1 X 20, Invoice No: ALSI012569/19-20</NARRATION>
<PARTYGSTIN>24AAUCS5070K2ZS</PARTYGSTIN>
<ALLLEDGERENTRIES.LIST>
<REMOVEZEROENTRIES>No</REMOVEZEROENTRIES>
<ISDEEMEDPOSITIVE>Yes</ISDEEMEDPOSITIVE>
<LEDGERFROMITEM>No</LEDGERFROMITEM>
<LEDGERNAME>SPOTON COATINGS PRIVATE LIMITED</LEDGERNAME>
<AMOUNT>-15570.000</AMOUNT>
<BILLALLOCATIONS.LIST>
<NAME>ALSI012569/19-20</NAME>
<BILLTYPE>New Ref</BILLTYPE>
<AMOUNT>-15570.000</AMOUNT>
</BILLALLOCATIONS.LIST>
</ALLLEDGERENTRIES.LIST>
<ALLLEDGERENTRIES.LIST>
<REMOVEZEROENTRIES>No</REMOVEZEROENTRIES>
<ISDEEMEDPOSITIVE>No</ISDEEMEDPOSITIVE>
<LEDGERFROMITEM>No</LEDGERFROMITEM>
<LEDGERNAME>Container Handling Services-Import-GST</LEDGERNAME>
<AMOUNT>6865.000</AMOUNT>
</ALLLEDGERENTRIES.LIST>
<ALLLEDGERENTRIES.LIST>
<REMOVEZEROENTRIES>No</REMOVEZEROENTRIES>
<ISDEEMEDPOSITIVE>No</ISDEEMEDPOSITIVE>
<LEDGERFROMITEM>No</LEDGERFROMITEM>
<LEDGERNAME>IGST</LEDGERNAME>
<AMOUNT>1235.7000000</AMOUNT>
</ALLLEDGERENTRIES.LIST>
<ALLLEDGERENTRIES.LIST>
<REMOVEZEROENTRIES>No</REMOVEZEROENTRIES>
<ISDEEMEDPOSITIVE>No</ISDEEMEDPOSITIVE>
<LEDGERFROMITEM>No</LEDGERFROMITEM>
<LEDGERNAME>Other Storage and Warehousing Services-Import-GST</LEDGERNAME>
<AMOUNT>2300.000</AMOUNT>
</ALLLEDGERENTRIES.LIST>
<ALLLEDGERENTRIES.LIST>
<REMOVEZEROENTRIES>No</REMOVEZEROENTRIES>
<ISDEEMEDPOSITIVE>No</ISDEEMEDPOSITIVE>
<LEDGERFROMITEM>No</LEDGERFROMITEM>
<LEDGERNAME>IGST</LEDGERNAME>
<AMOUNT>414.0000000</AMOUNT>
</ALLLEDGERENTRIES.LIST>
<ALLLEDGERENTRIES.LIST>
<REMOVEZEROENTRIES>No</REMOVEZEROENTRIES>
<ISDEEMEDPOSITIVE>No</ISDEEMEDPOSITIVE>
<LEDGERFROMITEM>No</LEDGERFROMITEM>
<LEDGERNAME>Container Handling Services-Import-GST</LEDGERNAME>
<AMOUNT>1200.000</AMOUNT>
</ALLLEDGERENTRIES.LIST>
<ALLLEDGERENTRIES.LIST>
<REMOVEZEROENTRIES>No</REMOVEZEROENTRIES>
<ISDEEMEDPOSITIVE>No</ISDEEMEDPOSITIVE>
<LEDGERFROMITEM>No</LEDGERFROMITEM>
<LEDGERNAME>IGST</LEDGERNAME>
<AMOUNT>216.0000000</AMOUNT>
</ALLLEDGERENTRIES.LIST>
<ALLLEDGERENTRIES.LIST>
<REMOVEZEROENTRIES>No</REMOVEZEROENTRIES>
<ISDEEMEDPOSITIVE>No</ISDEEMEDPOSITIVE>
<LEDGERFROMITEM>No</LEDGERFROMITEM>
<LEDGERNAME>Container Handling Services-Import-GST</LEDGERNAME>
<AMOUNT>50.000</AMOUNT>
</ALLLEDGERENTRIES.LIST>
<ALLLEDGERENTRIES.LIST>
<REMOVEZEROENTRIES>No</REMOVEZEROENTRIES>
<ISDEEMEDPOSITIVE>No</ISDEEMEDPOSITIVE>
<LEDGERFROMITEM>No</LEDGERFROMITEM>
<LEDGERNAME>IGST</LEDGERNAME>
<AMOUNT>9.0000000</AMOUNT>
</ALLLEDGERENTRIES.LIST>
<ALLLEDGERENTRIES.LIST>
<REMOVEZEROENTRIES>No</REMOVEZEROENTRIES>
<ISDEEMEDPOSITIVE>No</ISDEEMEDPOSITIVE>
<LEDGERFROMITEM>No</LEDGERFROMITEM>
<LEDGERNAME>Container Handling Services-Import-GST</LEDGERNAME>
<AMOUNT>30.000</AMOUNT>
</ALLLEDGERENTRIES.LIST>
<ALLLEDGERENTRIES.LIST>
<REMOVEZEROENTRIES>No</REMOVEZEROENTRIES>
<ISDEEMEDPOSITIVE>No</ISDEEMEDPOSITIVE>
<LEDGERFROMITEM>No</LEDGERFROMITEM>
<LEDGERNAME>IGST</LEDGERNAME>
<AMOUNT>5.4000000</AMOUNT>
</ALLLEDGERENTRIES.LIST>
<ALLLEDGERENTRIES.LIST>
<REMOVEZEROENTRIES>No</REMOVEZEROENTRIES>
<ISDEEMEDPOSITIVE>No</ISDEEMEDPOSITIVE>
<LEDGERFROMITEM>No</LEDGERFROMITEM>
<LEDGERNAME>Container Handling Services-Import-GST</LEDGERNAME>
<AMOUNT>400.000</AMOUNT>
</ALLLEDGERENTRIES.LIST>
<ALLLEDGERENTRIES.LIST>
<REMOVEZEROENTRIES>No</REMOVEZEROENTRIES>
<ISDEEMEDPOSITIVE>No</ISDEEMEDPOSITIVE>
<LEDGERFROMITEM>No</LEDGERFROMITEM>
<LEDGERNAME>IGST</LEDGERNAME>
<AMOUNT>72.0000000</AMOUNT>
</ALLLEDGERENTRIES.LIST>
<ALLLEDGERENTRIES.LIST>
<REMOVEZEROENTRIES>No</REMOVEZEROENTRIES>
<ISDEEMEDPOSITIVE>No</ISDEEMEDPOSITIVE>
<LEDGERFROMITEM>No</LEDGERFROMITEM>
<LEDGERNAME>Container Handling Services-Import-GST</LEDGERNAME>
<AMOUNT>1200.000</AMOUNT>
</ALLLEDGERENTRIES.LIST>
<ALLLEDGERENTRIES.LIST>
<REMOVEZEROENTRIES>No</REMOVEZEROENTRIES>
<ISDEEMEDPOSITIVE>No</ISDEEMEDPOSITIVE>
<LEDGERFROMITEM>No</LEDGERFROMITEM>
<LEDGERNAME>IGST</LEDGERNAME>
<AMOUNT>216.0000000</AMOUNT>
</ALLLEDGERENTRIES.LIST>
<ALLLEDGERENTRIES.LIST>
<REMOVEZEROENTRIES>No</REMOVEZEROENTRIES>
<ISDEEMEDPOSITIVE>No</ISDEEMEDPOSITIVE>
<LEDGERFROMITEM>No</LEDGERFROMITEM>
<LEDGERNAME>Container Handling Services-Import-GST</LEDGERNAME>
<AMOUNT>600.000</AMOUNT>
</ALLLEDGERENTRIES.LIST>
<ALLLEDGERENTRIES.LIST>
<REMOVEZEROENTRIES>No</REMOVEZEROENTRIES>
<ISDEEMEDPOSITIVE>No</ISDEEMEDPOSITIVE>
<LEDGERFROMITEM>No</LEDGERFROMITEM>
<LEDGERNAME>IGST</LEDGERNAME>
<AMOUNT>108.0000000</AMOUNT>
</ALLLEDGERENTRIES.LIST>
<ALLLEDGERENTRIES.LIST>
<REMOVEZEROENTRIES>No</REMOVEZEROENTRIES>
<ISDEEMEDPOSITIVE>No</ISDEEMEDPOSITIVE>
<LEDGERFROMITEM>No</LEDGERFROMITEM>
<LEDGERNAME>Container Handling Services-Import-GST</LEDGERNAME>
<AMOUNT>550.000</AMOUNT>
</ALLLEDGERENTRIES.LIST>
<ALLLEDGERENTRIES.LIST>
<REMOVEZEROENTRIES>No</REMOVEZEROENTRIES>
<ISDEEMEDPOSITIVE>No</ISDEEMEDPOSITIVE>
<LEDGERFROMITEM>No</LEDGERFROMITEM>
<LEDGERNAME>IGST</LEDGERNAME>
<AMOUNT>99.0000000</AMOUNT>
</ALLLEDGERENTRIES.LIST>
<ALLLEDGERENTRIES.LIST>
<REMOVEZEROENTRIES>No</REMOVEZEROENTRIES>
<ISDEEMEDPOSITIVE>No</ISDEEMEDPOSITIVE>
<LEDGERFROMITEM>No</LEDGERFROMITEM>
<LEDGERNAME>SHORT AND EXCESS</LEDGERNAME>
<AMOUNT>-0.100</AMOUNT>
</ALLLEDGERENTRIES.LIST>
</VOUCHER>
<VOUCHER>
<ISOPTIONAL>No</ISOPTIONAL>
<USEFORGAINLOSS>No</USEFORGAINLOSS>
<USEFORCOMPOUND>No</USEFORCOMPOUND>
<VOUCHERTYPENAME>Sales-Import-CFSM</VOUCHERTYPENAME>
<DATE>20200109</DATE>
<EFFECTIVEDATE>20200109</EFFECTIVEDATE>
<ISCANCELLED>No</ISCANCELLED>
<USETRACKINGNUMBER>No</USETRACKINGNUMBER>
<ISPOSTDATED>No</ISPOSTDATED>
<ISINVOICE>No</ISINVOICE>
<DIFFACTUALQTY>No</DIFFACTUALQTY>
<VOUCHERNUMBER>ALSI012570/19-20</VOUCHERNUMBER>
<PARTYLEDGERNAME>CLEARFAST AIR CARGO AGENCIES PRIVATE LIMITED</PARTYLEDGERNAME>
<STATENAME>Maharashtra</STATENAME>
<NARRATION>Being amount debited towards IGM No: 2243250, BL NO: SHSE19120053B, Importer: SEVEN STARS WEDDING GALLERY PRIVATE LIMITED, VOY NO: 949W, Vessel: MAERSK TAURUS, LINER: MAERSK INDIA PVT LTD and containers:  1 X 40, Invoice No: ALSI012570/19-20</NARRATION>
<PARTYGSTIN>27AAACC7987K1Z1</PARTYGSTIN>
<ALLLEDGERENTRIES.LIST>
<REMOVEZEROENTRIES>No</REMOVEZEROENTRIES>
<ISDEEMEDPOSITIVE>Yes</ISDEEMEDPOSITIVE>
<LEDGERFROMITEM>No</LEDGERFROMITEM>
<LEDGERNAME>CLEARFAST AIR CARGO AGENCIES PRIVATE LIMITED</LEDGERNAME>
<AMOUNT>-35334.000</AMOUNT>
<BILLALLOCATIONS.LIST>
<NAME>ALSI012570/19-20</NAME>
<BILLTYPE>New Ref</BILLTYPE>
<AMOUNT>-35334.000</AMOUNT>
</BILLALLOCATIONS.LIST>
</ALLLEDGERENTRIES.LIST>
<ALLLEDGERENTRIES.LIST>
<REMOVEZEROENTRIES>No</REMOVEZEROENTRIES>
<ISDEEMEDPOSITIVE>No</ISDEEMEDPOSITIVE>
<LEDGERFROMITEM>No</LEDGERFROMITEM>
<LEDGERNAME>Container Handling Services-Import-GST</LEDGERNAME>
<AMOUNT>20500.000</AMOUNT>
</ALLLEDGERENTRIES.LIST>
<ALLLEDGERENTRIES.LIST>
<REMOVEZEROENTRIES>No</REMOVEZEROENTRIES>
<ISDEEMEDPOSITIVE>No</ISDEEMEDPOSITIVE>
<LEDGERFROMITEM>No</LEDGERFROMITEM>
<LEDGERNAME>CGST</LEDGERNAME>
<AMOUNT>1845.0000000</AMOUNT>
</ALLLEDGERENTRIES.LIST>
<ALLLEDGERENTRIES.LIST>
<REMOVEZEROENTRIES>No</REMOVEZEROENTRIES>
<ISDEEMEDPOSITIVE>No</ISDEEMEDPOSITIVE>
<LEDGERFROMITEM>No</LEDGERFROMITEM>
<LEDGERNAME>SGST</LEDGERNAME>
<AMOUNT>1845.0000000</AMOUNT>
</ALLLEDGERENTRIES.LIST>
<ALLLEDGERENTRIES.LIST>
<REMOVEZEROENTRIES>No</REMOVEZEROENTRIES>
<ISDEEMEDPOSITIVE>No</ISDEEMEDPOSITIVE>
<LEDGERFROMITEM>No</LEDGERFROMITEM>
<LEDGERNAME>Container Handling Services-Import-GST</LEDGERNAME>
<AMOUNT>2000.000</AMOUNT>
</ALLLEDGERENTRIES.LIST>
<ALLLEDGERENTRIES.LIST>
<REMOVEZEROENTRIES>No</REMOVEZEROENTRIES>
<ISDEEMEDPOSITIVE>No</ISDEEMEDPOSITIVE>
<LEDGERFROMITEM>No</LEDGERFROMITEM>
<LEDGERNAME>CGST</LEDGERNAME>
<AMOUNT>180.0000000</AMOUNT>
</ALLLEDGERENTRIES.LIST>
<ALLLEDGERENTRIES.LIST>
<REMOVEZEROENTRIES>No</REMOVEZEROENTRIES>
<ISDEEMEDPOSITIVE>No</ISDEEMEDPOSITIVE>
<LEDGERFROMITEM>No</LEDGERFROMITEM>
<LEDGERNAME>SGST</LEDGERNAME>
<AMOUNT>180.0000000</AMOUNT>
</ALLLEDGERENTRIES.LIST>
<ALLLEDGERENTRIES.LIST>
<REMOVEZEROENTRIES>No</REMOVEZEROENTRIES>
<ISDEEMEDPOSITIVE>No</ISDEEMEDPOSITIVE>
<LEDGERFROMITEM>No</LEDGERFROMITEM>
<LEDGERNAME>Container Handling Services-Import-GST</LEDGERNAME>
<AMOUNT>343.800</AMOUNT>
</ALLLEDGERENTRIES.LIST>
<ALLLEDGERENTRIES.LIST>
<REMOVEZEROENTRIES>No</REMOVEZEROENTRIES>
<ISDEEMEDPOSITIVE>No</ISDEEMEDPOSITIVE>
<LEDGERFROMITEM>No</LEDGERFROMITEM>
<LEDGERNAME>CGST</LEDGERNAME>
<AMOUNT>30.9400000</AMOUNT>
</ALLLEDGERENTRIES.LIST>
<ALLLEDGERENTRIES.LIST>
<REMOVEZEROENTRIES>No</REMOVEZEROENTRIES>
<ISDEEMEDPOSITIVE>No</ISDEEMEDPOSITIVE>
<LEDGERFROMITEM>No</LEDGERFROMITEM>
<LEDGERNAME>SGST</LEDGERNAME>
<AMOUNT>30.9400000</AMOUNT>
</ALLLEDGERENTRIES.LIST>
<ALLLEDGERENTRIES.LIST>
<REMOVEZEROENTRIES>No</REMOVEZEROENTRIES>
<ISDEEMEDPOSITIVE>No</ISDEEMEDPOSITIVE>
<LEDGERFROMITEM>No</LEDGERFROMITEM>
<LEDGERNAME>Container Handling Services-Import-GST</LEDGERNAME>
<AMOUNT>6000.000</AMOUNT>
</ALLLEDGERENTRIES.LIST>
<ALLLEDGERENTRIES.LIST>
<REMOVEZEROENTRIES>No</REMOVEZEROENTRIES>
<ISDEEMEDPOSITIVE>No</ISDEEMEDPOSITIVE>
<LEDGERFROMITEM>No</LEDGERFROMITEM>
<LEDGERNAME>CGST</LEDGERNAME>
<AMOUNT>540.0000000</AMOUNT>
</ALLLEDGERENTRIES.LIST>
<ALLLEDGERENTRIES.LIST>
<REMOVEZEROENTRIES>No</REMOVEZEROENTRIES>
<ISDEEMEDPOSITIVE>No</ISDEEMEDPOSITIVE>
<LEDGERFROMITEM>No</LEDGERFROMITEM>
<LEDGERNAME>SGST</LEDGERNAME>
<AMOUNT>540.0000000</AMOUNT>
</ALLLEDGERENTRIES.LIST>
<ALLLEDGERENTRIES.LIST>
<REMOVEZEROENTRIES>No</REMOVEZEROENTRIES>
<ISDEEMEDPOSITIVE>No</ISDEEMEDPOSITIVE>
<LEDGERFROMITEM>No</LEDGERFROMITEM>
<LEDGERNAME>Container Handling Services-Import-GST</LEDGERNAME>
<AMOUNT>1100.000</AMOUNT>
</ALLLEDGERENTRIES.LIST>
<ALLLEDGERENTRIES.LIST>
<REMOVEZEROENTRIES>No</REMOVEZEROENTRIES>
<ISDEEMEDPOSITIVE>No</ISDEEMEDPOSITIVE>
<LEDGERFROMITEM>No</LEDGERFROMITEM>
<LEDGERNAME>CGST</LEDGERNAME>
<AMOUNT>99.0000000</AMOUNT>
</ALLLEDGERENTRIES.LIST>
<ALLLEDGERENTRIES.LIST>
<REMOVEZEROENTRIES>No</REMOVEZEROENTRIES>
<ISDEEMEDPOSITIVE>No</ISDEEMEDPOSITIVE>
<LEDGERFROMITEM>No</LEDGERFROMITEM>
<LEDGERNAME>SGST</LEDGERNAME>
<AMOUNT>99.0000000</AMOUNT>
</ALLLEDGERENTRIES.LIST>
<ALLLEDGERENTRIES.LIST>
<REMOVEZEROENTRIES>No</REMOVEZEROENTRIES>
<ISDEEMEDPOSITIVE>No</ISDEEMEDPOSITIVE>
<LEDGERFROMITEM>No</LEDGERFROMITEM>
<LEDGERNAME>SHORT AND EXCESS</LEDGERNAME>
<AMOUNT>0.320</AMOUNT>
</ALLLEDGERENTRIES.LIST>
</VOUCHER>
<VOUCHER>
<ISOPTIONAL>No</ISOPTIONAL>
<USEFORGAINLOSS>No</USEFORGAINLOSS>
<USEFORCOMPOUND>No</USEFORCOMPOUND>
<VOUCHERTYPENAME>Sales-Import-CFSM</VOUCHERTYPENAME>
<DATE>20200109</DATE>
<EFFECTIVEDATE>20200109</EFFECTIVEDATE>
<ISCANCELLED>No</ISCANCELLED>
<USETRACKINGNUMBER>No</USETRACKINGNUMBER>
<ISPOSTDATED>No</ISPOSTDATED>
<ISINVOICE>No</ISINVOICE>
<DIFFACTUALQTY>No</DIFFACTUALQTY>
<VOUCHERNUMBER>ALSI012571/19-20</VOUCHERNUMBER>
<PARTYLEDGERNAME>SATGURU TRADERS </PARTYLEDGERNAME>
<STATENAME>Maharashtra</STATENAME>
<NARRATION>Being amount debited towards IGM No: 2242642, BL NO: COAU7220877240, Importer: SATGURU TRADERS, VOY NO: 1908, Vessel: MAERSK TAIKUNG, LINER: COSCO SHIPPING LINES (INDIA) PRIVATE LIMITED and containers:  1 X 40, Invoice No: ALSI012571/19-20</NARRATION>
<PARTYGSTIN>27AHEPC3909K1ZE</PARTYGSTIN>
<ALLLEDGERENTRIES.LIST>
<REMOVEZEROENTRIES>No</REMOVEZEROENTRIES>
<ISDEEMEDPOSITIVE>Yes</ISDEEMEDPOSITIVE>
<LEDGERFROMITEM>No</LEDGERFROMITEM>
<LEDGERNAME>SATGURU TRADERS </LEDGERNAME>
<AMOUNT>-2596.000</AMOUNT>
<BILLALLOCATIONS.LIST>
<NAME>ALSI012571/19-20</NAME>
<BILLTYPE>New Ref</BILLTYPE>
<AMOUNT>-2596.000</AMOUNT>
</BILLALLOCATIONS.LIST>
</ALLLEDGERENTRIES.LIST>
<ALLLEDGERENTRIES.LIST>
<REMOVEZEROENTRIES>No</REMOVEZEROENTRIES>
<ISDEEMEDPOSITIVE>No</ISDEEMEDPOSITIVE>
<LEDGERFROMITEM>No</LEDGERFROMITEM>
<LEDGERNAME>Other Storage and Warehousing Services-Import-GST</LEDGERNAME>
<AMOUNT>2200.000</AMOUNT>
</ALLLEDGERENTRIES.LIST>
<ALLLEDGERENTRIES.LIST>
<REMOVEZEROENTRIES>No</REMOVEZEROENTRIES>
<ISDEEMEDPOSITIVE>No</ISDEEMEDPOSITIVE>
<LEDGERFROMITEM>No</LEDGERFROMITEM>
<LEDGERNAME>CGST</LEDGERNAME>
<AMOUNT>198.0000000</AMOUNT>
</ALLLEDGERENTRIES.LIST>
<ALLLEDGERENTRIES.LIST>
<REMOVEZEROENTRIES>No</REMOVEZEROENTRIES>
<ISDEEMEDPOSITIVE>No</ISDEEMEDPOSITIVE>
<LEDGERFROMITEM>No</LEDGERFROMITEM>
<LEDGERNAME>SGST</LEDGERNAME>
<AMOUNT>198.0000000</AMOUNT>
</ALLLEDGERENTRIES.LIST>
<ALLLEDGERENTRIES.LIST>
<REMOVEZEROENTRIES>No</REMOVEZEROENTRIES>
<ISDEEMEDPOSITIVE>No</ISDEEMEDPOSITIVE>
<LEDGERFROMITEM>No</LEDGERFROMITEM>
<LEDGERNAME>SHORT AND EXCESS</LEDGERNAME>
<AMOUNT>0.000</AMOUNT>
</ALLLEDGERENTRIES.LIST>
</VOUCHER>
<VOUCHER>
<ISOPTIONAL>No</ISOPTIONAL>
<USEFORGAINLOSS>No</USEFORGAINLOSS>
<USEFORCOMPOUND>No</USEFORCOMPOUND>
<VOUCHERTYPENAME>Sales-Import-CFSM</VOUCHERTYPENAME>
<DATE>20200109</DATE>
<EFFECTIVEDATE>20200109</EFFECTIVEDATE>
<ISCANCELLED>No</ISCANCELLED>
<USETRACKINGNUMBER>No</USETRACKINGNUMBER>
<ISPOSTDATED>No</ISPOSTDATED>
<ISINVOICE>No</ISINVOICE>
<DIFFACTUALQTY>No</DIFFACTUALQTY>
<VOUCHERNUMBER>ALSI012573/19-20</VOUCHERNUMBER>
<PARTYLEDGERNAME>CONNECT CARGO PRIVATE LIMITED</PARTYLEDGERNAME>
<STATENAME>Maharashtra</STATENAME>
<NARRATION>Being amount debited towards IGM No: 2243250, BL NO: COAU7014138920, Importer: LIFELONG ONLINE RETAIL PVT LTD., VOY NO: 949W, Vessel: MAERSK TAURUS, LINER: Cosco(OffdocTHC) Shipping Line and containers:  2 X 40, Invoice No: ALSI012573/19-20</NARRATION>
<PARTYGSTIN>27AABCC6275D1ZS</PARTYGSTIN>
<ALLLEDGERENTRIES.LIST>
<REMOVEZEROENTRIES>No</REMOVEZEROENTRIES>
<ISDEEMEDPOSITIVE>Yes</ISDEEMEDPOSITIVE>
<LEDGERFROMITEM>No</LEDGERFROMITEM>
<LEDGERNAME>CONNECT CARGO PRIVATE LIMITED</LEDGERNAME>
<AMOUNT>-49584.000</AMOUNT>
<BILLALLOCATIONS.LIST>
<NAME>ALSI012573/19-20</NAME>
<BILLTYPE>New Ref</BILLTYPE>
<AMOUNT>-49584.000</AMOUNT>
</BILLALLOCATIONS.LIST>
</ALLLEDGERENTRIES.LIST>
<ALLLEDGERENTRIES.LIST>
<REMOVEZEROENTRIES>No</REMOVEZEROENTRIES>
<ISDEEMEDPOSITIVE>No</ISDEEMEDPOSITIVE>
<LEDGERFROMITEM>No</LEDGERFROMITEM>
<LEDGERNAME>Container Handling Services-Import-GST</LEDGERNAME>
<AMOUNT>16760.000</AMOUNT>
</ALLLEDGERENTRIES.LIST>
<ALLLEDGERENTRIES.LIST>
<REMOVEZEROENTRIES>No</REMOVEZEROENTRIES>
<ISDEEMEDPOSITIVE>No</ISDEEMEDPOSITIVE>
<LEDGERFROMITEM>No</LEDGERFROMITEM>
<LEDGERNAME>CGST</LEDGERNAME>
<AMOUNT>1508.4000000</AMOUNT>
</ALLLEDGERENTRIES.LIST>
<ALLLEDGERENTRIES.LIST>
<REMOVEZEROENTRIES>No</REMOVEZEROENTRIES>
<ISDEEMEDPOSITIVE>No</ISDEEMEDPOSITIVE>
<LEDGERFROMITEM>No</LEDGERFROMITEM>
<LEDGERNAME>SGST</LEDGERNAME>
<AMOUNT>1508.4000000</AMOUNT>
</ALLLEDGERENTRIES.LIST>
<ALLLEDGERENTRIES.LIST>
<REMOVEZEROENTRIES>No</REMOVEZEROENTRIES>
<ISDEEMEDPOSITIVE>No</ISDEEMEDPOSITIVE>
<LEDGERFROMITEM>No</LEDGERFROMITEM>
<LEDGERNAME>Other Storage and Warehousing Services-Import-GST</LEDGERNAME>
<AMOUNT>10500.000</AMOUNT>
</ALLLEDGERENTRIES.LIST>
<ALLLEDGERENTRIES.LIST>
<REMOVEZEROENTRIES>No</REMOVEZEROENTRIES>
<ISDEEMEDPOSITIVE>No</ISDEEMEDPOSITIVE>
<LEDGERFROMITEM>No</LEDGERFROMITEM>
<LEDGERNAME>CGST</LEDGERNAME>
<AMOUNT>945.0000000</AMOUNT>
</ALLLEDGERENTRIES.LIST>
<ALLLEDGERENTRIES.LIST>
<REMOVEZEROENTRIES>No</REMOVEZEROENTRIES>
<ISDEEMEDPOSITIVE>No</ISDEEMEDPOSITIVE>
<LEDGERFROMITEM>No</LEDGERFROMITEM>
<LEDGERNAME>SGST</LEDGERNAME>
<AMOUNT>945.0000000</AMOUNT>
</ALLLEDGERENTRIES.LIST>
<ALLLEDGERENTRIES.LIST>
<REMOVEZEROENTRIES>No</REMOVEZEROENTRIES>
<ISDEEMEDPOSITIVE>No</ISDEEMEDPOSITIVE>
<LEDGERFROMITEM>No</LEDGERFROMITEM>
<LEDGERNAME>Container Handling Services-Import-GST</LEDGERNAME>
<AMOUNT>4800.000</AMOUNT>
</ALLLEDGERENTRIES.LIST>
<ALLLEDGERENTRIES.LIST>
<REMOVEZEROENTRIES>No</REMOVEZEROENTRIES>
<ISDEEMEDPOSITIVE>No</ISDEEMEDPOSITIVE>
<LEDGERFROMITEM>No</LEDGERFROMITEM>
<LEDGERNAME>CGST</LEDGERNAME>
<AMOUNT>432.0000000</AMOUNT>
</ALLLEDGERENTRIES.LIST>
<ALLLEDGERENTRIES.LIST>
<REMOVEZEROENTRIES>No</REMOVEZEROENTRIES>
<ISDEEMEDPOSITIVE>No</ISDEEMEDPOSITIVE>
<LEDGERFROMITEM>No</LEDGERFROMITEM>
<LEDGERNAME>SGST</LEDGERNAME>
<AMOUNT>432.0000000</AMOUNT>
</ALLLEDGERENTRIES.LIST>
<ALLLEDGERENTRIES.LIST>
<REMOVEZEROENTRIES>No</REMOVEZEROENTRIES>
<ISDEEMEDPOSITIVE>No</ISDEEMEDPOSITIVE>
<LEDGERFROMITEM>No</LEDGERFROMITEM>
<LEDGERNAME>Container Handling Services-Import-GST</LEDGERNAME>
<AMOUNT>100.000</AMOUNT>
</ALLLEDGERENTRIES.LIST>
<ALLLEDGERENTRIES.LIST>
<REMOVEZEROENTRIES>No</REMOVEZEROENTRIES>
<ISDEEMEDPOSITIVE>No</ISDEEMEDPOSITIVE>
<LEDGERFROMITEM>No</LEDGERFROMITEM>
<LEDGERNAME>CGST</LEDGERNAME>
<AMOUNT>9.0000000</AMOUNT>
</ALLLEDGERENTRIES.LIST>
<ALLLEDGERENTRIES.LIST>
<REMOVEZEROENTRIES>No</REMOVEZEROENTRIES>
<ISDEEMEDPOSITIVE>No</ISDEEMEDPOSITIVE>
<LEDGERFROMITEM>No</LEDGERFROMITEM>
<LEDGERNAME>SGST</LEDGERNAME>
<AMOUNT>9.0000000</AMOUNT>
</ALLLEDGERENTRIES.LIST>
<ALLLEDGERENTRIES.LIST>
<REMOVEZEROENTRIES>No</REMOVEZEROENTRIES>
<ISDEEMEDPOSITIVE>No</ISDEEMEDPOSITIVE>
<LEDGERFROMITEM>No</LEDGERFROMITEM>
<LEDGERNAME>Container Handling Services-Import-GST</LEDGERNAME>
<AMOUNT>60.000</AMOUNT>
</ALLLEDGERENTRIES.LIST>
<ALLLEDGERENTRIES.LIST>
<REMOVEZEROENTRIES>No</REMOVEZEROENTRIES>
<ISDEEMEDPOSITIVE>No</ISDEEMEDPOSITIVE>
<LEDGERFROMITEM>No</LEDGERFROMITEM>
<LEDGERNAME>CGST</LEDGERNAME>
<AMOUNT>5.4000000</AMOUNT>
</ALLLEDGERENTRIES.LIST>
<ALLLEDGERENTRIES.LIST>
<REMOVEZEROENTRIES>No</REMOVEZEROENTRIES>
<ISDEEMEDPOSITIVE>No</ISDEEMEDPOSITIVE>
<LEDGERFROMITEM>No</LEDGERFROMITEM>
<LEDGERNAME>SGST</LEDGERNAME>
<AMOUNT>5.4000000</AMOUNT>
</ALLLEDGERENTRIES.LIST>
<ALLLEDGERENTRIES.LIST>
<REMOVEZEROENTRIES>No</REMOVEZEROENTRIES>
<ISDEEMEDPOSITIVE>No</ISDEEMEDPOSITIVE>
<LEDGERFROMITEM>No</LEDGERFROMITEM>
<LEDGERNAME>Container Handling Services-Import-GST</LEDGERNAME>
<AMOUNT>400.000</AMOUNT>
</ALLLEDGERENTRIES.LIST>
<ALLLEDGERENTRIES.LIST>
<REMOVEZEROENTRIES>No</REMOVEZEROENTRIES>
<ISDEEMEDPOSITIVE>No</ISDEEMEDPOSITIVE>
<LEDGERFROMITEM>No</LEDGERFROMITEM>
<LEDGERNAME>CGST</LEDGERNAME>
<AMOUNT>36.0000000</AMOUNT>
</ALLLEDGERENTRIES.LIST>
<ALLLEDGERENTRIES.LIST>
<REMOVEZEROENTRIES>No</REMOVEZEROENTRIES>
<ISDEEMEDPOSITIVE>No</ISDEEMEDPOSITIVE>
<LEDGERFROMITEM>No</LEDGERFROMITEM>
<LEDGERNAME>SGST</LEDGERNAME>
<AMOUNT>36.0000000</AMOUNT>
</ALLLEDGERENTRIES.LIST>
<ALLLEDGERENTRIES.LIST>
<REMOVEZEROENTRIES>No</REMOVEZEROENTRIES>
<ISDEEMEDPOSITIVE>No</ISDEEMEDPOSITIVE>
<LEDGERFROMITEM>No</LEDGERFROMITEM>
<LEDGERNAME>Container Handling Services-Import-GST</LEDGERNAME>
<AMOUNT>4800.000</AMOUNT>
</ALLLEDGERENTRIES.LIST>
<ALLLEDGERENTRIES.LIST>
<REMOVEZEROENTRIES>No</REMOVEZEROENTRIES>
<ISDEEMEDPOSITIVE>No</ISDEEMEDPOSITIVE>
<LEDGERFROMITEM>No</LEDGERFROMITEM>
<LEDGERNAME>CGST</LEDGERNAME>
<AMOUNT>432.0000000</AMOUNT>
</ALLLEDGERENTRIES.LIST>
<ALLLEDGERENTRIES.LIST>
<REMOVEZEROENTRIES>No</REMOVEZEROENTRIES>
<ISDEEMEDPOSITIVE>No</ISDEEMEDPOSITIVE>
<LEDGERFROMITEM>No</LEDGERFROMITEM>
<LEDGERNAME>SGST</LEDGERNAME>
<AMOUNT>432.0000000</AMOUNT>
</ALLLEDGERENTRIES.LIST>
<ALLLEDGERENTRIES.LIST>
<REMOVEZEROENTRIES>No</REMOVEZEROENTRIES>
<ISDEEMEDPOSITIVE>No</ISDEEMEDPOSITIVE>
<LEDGERFROMITEM>No</LEDGERFROMITEM>
<LEDGERNAME>Container Handling Services-Import-GST</LEDGERNAME>
<AMOUNT>2400.000</AMOUNT>
</ALLLEDGERENTRIES.LIST>
<ALLLEDGERENTRIES.LIST>
<REMOVEZEROENTRIES>No</REMOVEZEROENTRIES>
<ISDEEMEDPOSITIVE>No</ISDEEMEDPOSITIVE>
<LEDGERFROMITEM>No</LEDGERFROMITEM>
<LEDGERNAME>CGST</LEDGERNAME>
<AMOUNT>216.0000000</AMOUNT>
</ALLLEDGERENTRIES.LIST>
<ALLLEDGERENTRIES.LIST>
<REMOVEZEROENTRIES>No</REMOVEZEROENTRIES>
<ISDEEMEDPOSITIVE>No</ISDEEMEDPOSITIVE>
<LEDGERFROMITEM>No</LEDGERFROMITEM>
<LEDGERNAME>SGST</LEDGERNAME>
<AMOUNT>216.0000000</AMOUNT>
</ALLLEDGERENTRIES.LIST>
<ALLLEDGERENTRIES.LIST>
<REMOVEZEROENTRIES>No</REMOVEZEROENTRIES>
<ISDEEMEDPOSITIVE>No</ISDEEMEDPOSITIVE>
<LEDGERFROMITEM>No</LEDGERFROMITEM>
<LEDGERNAME>Container Handling Services-Import-GST</LEDGERNAME>
<AMOUNT>2200.000</AMOUNT>
</ALLLEDGERENTRIES.LIST>
<ALLLEDGERENTRIES.LIST>
<REMOVEZEROENTRIES>No</REMOVEZEROENTRIES>
<ISDEEMEDPOSITIVE>No</ISDEEMEDPOSITIVE>
<LEDGERFROMITEM>No</LEDGERFROMITEM>
<LEDGERNAME>CGST</LEDGERNAME>
<AMOUNT>198.0000000</AMOUNT>
</ALLLEDGERENTRIES.LIST>
<ALLLEDGERENTRIES.LIST>
<REMOVEZEROENTRIES>No</REMOVEZEROENTRIES>
<ISDEEMEDPOSITIVE>No</ISDEEMEDPOSITIVE>
<LEDGERFROMITEM>No</LEDGERFROMITEM>
<LEDGERNAME>SGST</LEDGERNAME>
<AMOUNT>198.0000000</AMOUNT>
</ALLLEDGERENTRIES.LIST>
<ALLLEDGERENTRIES.LIST>
<REMOVEZEROENTRIES>No</REMOVEZEROENTRIES>
<ISDEEMEDPOSITIVE>No</ISDEEMEDPOSITIVE>
<LEDGERFROMITEM>No</LEDGERFROMITEM>
<LEDGERNAME>SHORT AND EXCESS</LEDGERNAME>
<AMOUNT>0.400</AMOUNT>
</ALLLEDGERENTRIES.LIST>
</VOUCHER>
<VOUCHER>
<ISOPTIONAL>No</ISOPTIONAL>
<USEFORGAINLOSS>No</USEFORGAINLOSS>
<USEFORCOMPOUND>No</USEFORCOMPOUND>
<VOUCHERTYPENAME>Sales-Import-CFSM</VOUCHERTYPENAME>
<DATE>20200109</DATE>
<EFFECTIVEDATE>20200109</EFFECTIVEDATE>
<ISCANCELLED>No</ISCANCELLED>
<USETRACKINGNUMBER>No</USETRACKINGNUMBER>
<ISPOSTDATED>No</ISPOSTDATED>
<ISINVOICE>No</ISINVOICE>
<DIFFACTUALQTY>No</DIFFACTUALQTY>
<VOUCHERNUMBER>ALSI012574/19-20</VOUCHERNUMBER>
<PARTYLEDGERNAME>ZEBA INTERNATIONAL TRADING COMPANY</PARTYLEDGERNAME>
<STATENAME>Maharashtra</STATENAME>
<NARRATION>Being amount debited towards IGM No: 2243044, BL NO: HLCUBC1191137755, Importer: ZEBA INTERNATIONAL TRADING CO., VOY NO: 13E, Vessel: BERLIN EXPRESS, LINER: Hapag OffDocTHC-Hapag LLoyd India Pvt. Ltd. and containers:  1 X 20, Invoice No: ALSI012574/19-20</NARRATION>
<PARTYGSTIN>27ASYPA3714H1ZL</PARTYGSTIN>
<ALLLEDGERENTRIES.LIST>
<REMOVEZEROENTRIES>No</REMOVEZEROENTRIES>
<ISDEEMEDPOSITIVE>Yes</ISDEEMEDPOSITIVE>
<LEDGERFROMITEM>No</LEDGERFROMITEM>
<LEDGERNAME>ZEBA INTERNATIONAL TRADING COMPANY</LEDGERNAME>
<AMOUNT>-12744.000</AMOUNT>
<BILLALLOCATIONS.LIST>
<NAME>ALSI012574/19-20</NAME>
<BILLTYPE>New Ref</BILLTYPE>
<AMOUNT>-12744.000</AMOUNT>
</BILLALLOCATIONS.LIST>
</ALLLEDGERENTRIES.LIST>
<ALLLEDGERENTRIES.LIST>
<REMOVEZEROENTRIES>No</REMOVEZEROENTRIES>
<ISDEEMEDPOSITIVE>No</ISDEEMEDPOSITIVE>
<LEDGERFROMITEM>No</LEDGERFROMITEM>
<LEDGERNAME>Container Handling Services-Import-GST</LEDGERNAME>
<AMOUNT>7000.000</AMOUNT>
</ALLLEDGERENTRIES.LIST>
<ALLLEDGERENTRIES.LIST>
<REMOVEZEROENTRIES>No</REMOVEZEROENTRIES>
<ISDEEMEDPOSITIVE>No</ISDEEMEDPOSITIVE>
<LEDGERFROMITEM>No</LEDGERFROMITEM>
<LEDGERNAME>CGST</LEDGERNAME>
<AMOUNT>630.0000000</AMOUNT>
</ALLLEDGERENTRIES.LIST>
<ALLLEDGERENTRIES.LIST>
<REMOVEZEROENTRIES>No</REMOVEZEROENTRIES>
<ISDEEMEDPOSITIVE>No</ISDEEMEDPOSITIVE>
<LEDGERFROMITEM>No</LEDGERFROMITEM>
<LEDGERNAME>SGST</LEDGERNAME>
<AMOUNT>630.0000000</AMOUNT>
</ALLLEDGERENTRIES.LIST>
<ALLLEDGERENTRIES.LIST>
<REMOVEZEROENTRIES>No</REMOVEZEROENTRIES>
<ISDEEMEDPOSITIVE>No</ISDEEMEDPOSITIVE>
<LEDGERFROMITEM>No</LEDGERFROMITEM>
<LEDGERNAME>Container Handling Services-Import-GST</LEDGERNAME>
<AMOUNT>1000.000</AMOUNT>
</ALLLEDGERENTRIES.LIST>
<ALLLEDGERENTRIES.LIST>
<REMOVEZEROENTRIES>No</REMOVEZEROENTRIES>
<ISDEEMEDPOSITIVE>No</ISDEEMEDPOSITIVE>
<LEDGERFROMITEM>No</LEDGERFROMITEM>
<LEDGERNAME>CGST</LEDGERNAME>
<AMOUNT>90.0000000</AMOUNT>
</ALLLEDGERENTRIES.LIST>
<ALLLEDGERENTRIES.LIST>
<REMOVEZEROENTRIES>No</REMOVEZEROENTRIES>
<ISDEEMEDPOSITIVE>No</ISDEEMEDPOSITIVE>
<LEDGERFROMITEM>No</LEDGERFROMITEM>
<LEDGERNAME>SGST</LEDGERNAME>
<AMOUNT>90.0000000</AMOUNT>
</ALLLEDGERENTRIES.LIST>
<ALLLEDGERENTRIES.LIST>
<REMOVEZEROENTRIES>No</REMOVEZEROENTRIES>
<ISDEEMEDPOSITIVE>No</ISDEEMEDPOSITIVE>
<LEDGERFROMITEM>No</LEDGERFROMITEM>
<LEDGERNAME>Other Storage and Warehousing Services-Import-GST</LEDGERNAME>
<AMOUNT>2250.000</AMOUNT>
</ALLLEDGERENTRIES.LIST>
<ALLLEDGERENTRIES.LIST>
<REMOVEZEROENTRIES>No</REMOVEZEROENTRIES>
<ISDEEMEDPOSITIVE>No</ISDEEMEDPOSITIVE>
<LEDGERFROMITEM>No</LEDGERFROMITEM>
<LEDGERNAME>CGST</LEDGERNAME>
<AMOUNT>202.5000000</AMOUNT>
</ALLLEDGERENTRIES.LIST>
<ALLLEDGERENTRIES.LIST>
<REMOVEZEROENTRIES>No</REMOVEZEROENTRIES>
<ISDEEMEDPOSITIVE>No</ISDEEMEDPOSITIVE>
<LEDGERFROMITEM>No</LEDGERFROMITEM>
<LEDGERNAME>SGST</LEDGERNAME>
<AMOUNT>202.5000000</AMOUNT>
</ALLLEDGERENTRIES.LIST>
<ALLLEDGERENTRIES.LIST>
<REMOVEZEROENTRIES>No</REMOVEZEROENTRIES>
<ISDEEMEDPOSITIVE>No</ISDEEMEDPOSITIVE>
<LEDGERFROMITEM>No</LEDGERFROMITEM>
<LEDGERNAME>Container Handling Services-Import-GST</LEDGERNAME>
<AMOUNT>550.000</AMOUNT>
</ALLLEDGERENTRIES.LIST>
<ALLLEDGERENTRIES.LIST>
<REMOVEZEROENTRIES>No</REMOVEZEROENTRIES>
<ISDEEMEDPOSITIVE>No</ISDEEMEDPOSITIVE>
<LEDGERFROMITEM>No</LEDGERFROMITEM>
<LEDGERNAME>CGST</LEDGERNAME>
<AMOUNT>49.5000000</AMOUNT>
</ALLLEDGERENTRIES.LIST>
<ALLLEDGERENTRIES.LIST>
<REMOVEZEROENTRIES>No</REMOVEZEROENTRIES>
<ISDEEMEDPOSITIVE>No</ISDEEMEDPOSITIVE>
<LEDGERFROMITEM>No</LEDGERFROMITEM>
<LEDGERNAME>SGST</LEDGERNAME>
<AMOUNT>49.5000000</AMOUNT>
</ALLLEDGERENTRIES.LIST>
<ALLLEDGERENTRIES.LIST>
<REMOVEZEROENTRIES>No</REMOVEZEROENTRIES>
<ISDEEMEDPOSITIVE>No</ISDEEMEDPOSITIVE>
<LEDGERFROMITEM>No</LEDGERFROMITEM>
<LEDGERNAME>SHORT AND EXCESS</LEDGERNAME>
<AMOUNT>0.000</AMOUNT>
</ALLLEDGERENTRIES.LIST>
</VOUCHER>
<VOUCHER>
<ISOPTIONAL>No</ISOPTIONAL>
<USEFORGAINLOSS>No</USEFORGAINLOSS>
<USEFORCOMPOUND>No</USEFORCOMPOUND>
<VOUCHERTYPENAME>Sales-Import-CFSM</VOUCHERTYPENAME>
<DATE>20200109</DATE>
<EFFECTIVEDATE>20200109</EFFECTIVEDATE>
<ISCANCELLED>No</ISCANCELLED>
<USETRACKINGNUMBER>No</USETRACKINGNUMBER>
<ISPOSTDATED>No</ISPOSTDATED>
<ISINVOICE>No</ISINVOICE>
<DIFFACTUALQTY>No</DIFFACTUALQTY>
<VOUCHERNUMBER>ALSH000463/19-20</VOUCHERNUMBER>
<PARTYLEDGERNAME>EMPOWER GENSETS PRIVATE LIMITED</PARTYLEDGERNAME>
<STATENAME>Maharashtra</STATENAME>
<NARRATION>Being amount debited towards IGM No: 2243432, BL NO: CGNA03468, Importer: EMPOWER GENSETS PRIVATE LIMITED, VOY NO: 001R, Vessel: MSC REGULUS, LINER: MSC LINE OffDocTHC and containers:  1 X 40, Invoice No: ALSH000463/19-20</NARRATION>
<PARTYGSTIN>27AABCE6945J1ZC</PARTYGSTIN>
<ALLLEDGERENTRIES.LIST>
<REMOVEZEROENTRIES>No</REMOVEZEROENTRIES>
<ISDEEMEDPOSITIVE>Yes</ISDEEMEDPOSITIVE>
<LEDGERFROMITEM>No</LEDGERFROMITEM>
<LEDGERNAME>EMPOWER GENSETS PRIVATE LIMITED</LEDGERNAME>
<AMOUNT>-30798.000</AMOUNT>
<BILLALLOCATIONS.LIST>
<NAME>ALSH000463/19-20</NAME>
<BILLTYPE>New Ref</BILLTYPE>
<AMOUNT>-30798.000</AMOUNT>
</BILLALLOCATIONS.LIST>
</ALLLEDGERENTRIES.LIST>
<ALLLEDGERENTRIES.LIST>
<REMOVEZEROENTRIES>No</REMOVEZEROENTRIES>
<ISDEEMEDPOSITIVE>No</ISDEEMEDPOSITIVE>
<LEDGERFROMITEM>No</LEDGERFROMITEM>
<LEDGERNAME>Container Handling Services-Import-GST</LEDGERNAME>
<AMOUNT>11500.000</AMOUNT>
</ALLLEDGERENTRIES.LIST>
<ALLLEDGERENTRIES.LIST>
<REMOVEZEROENTRIES>No</REMOVEZEROENTRIES>
<ISDEEMEDPOSITIVE>No</ISDEEMEDPOSITIVE>
<LEDGERFROMITEM>No</LEDGERFROMITEM>
<LEDGERNAME>CGST</LEDGERNAME>
<AMOUNT>1035.0000000</AMOUNT>
</ALLLEDGERENTRIES.LIST>
<ALLLEDGERENTRIES.LIST>
<REMOVEZEROENTRIES>No</REMOVEZEROENTRIES>
<ISDEEMEDPOSITIVE>No</ISDEEMEDPOSITIVE>
<LEDGERFROMITEM>No</LEDGERFROMITEM>
<LEDGERNAME>SGST</LEDGERNAME>
<AMOUNT>1035.0000000</AMOUNT>
</ALLLEDGERENTRIES.LIST>
<ALLLEDGERENTRIES.LIST>
<REMOVEZEROENTRIES>No</REMOVEZEROENTRIES>
<ISDEEMEDPOSITIVE>No</ISDEEMEDPOSITIVE>
<LEDGERFROMITEM>No</LEDGERFROMITEM>
<LEDGERNAME>Container Handling Services-Import-GST</LEDGERNAME>
<AMOUNT>2000.000</AMOUNT>
</ALLLEDGERENTRIES.LIST>
<ALLLEDGERENTRIES.LIST>
<REMOVEZEROENTRIES>No</REMOVEZEROENTRIES>
<ISDEEMEDPOSITIVE>No</ISDEEMEDPOSITIVE>
<LEDGERFROMITEM>No</LEDGERFROMITEM>
<LEDGERNAME>CGST</LEDGERNAME>
<AMOUNT>180.0000000</AMOUNT>
</ALLLEDGERENTRIES.LIST>
<ALLLEDGERENTRIES.LIST>
<REMOVEZEROENTRIES>No</REMOVEZEROENTRIES>
<ISDEEMEDPOSITIVE>No</ISDEEMEDPOSITIVE>
<LEDGERFROMITEM>No</LEDGERFROMITEM>
<LEDGERNAME>SGST</LEDGERNAME>
<AMOUNT>180.0000000</AMOUNT>
</ALLLEDGERENTRIES.LIST>
<ALLLEDGERENTRIES.LIST>
<REMOVEZEROENTRIES>No</REMOVEZEROENTRIES>
<ISDEEMEDPOSITIVE>No</ISDEEMEDPOSITIVE>
<LEDGERFROMITEM>No</LEDGERFROMITEM>
<LEDGERNAME>Container Handling Services-Import-GST</LEDGERNAME>
<AMOUNT>11500.000</AMOUNT>
</ALLLEDGERENTRIES.LIST>
<ALLLEDGERENTRIES.LIST>
<REMOVEZEROENTRIES>No</REMOVEZEROENTRIES>
<ISDEEMEDPOSITIVE>No</ISDEEMEDPOSITIVE>
<LEDGERFROMITEM>No</LEDGERFROMITEM>
<LEDGERNAME>CGST</LEDGERNAME>
<AMOUNT>1035.0000000</AMOUNT>
</ALLLEDGERENTRIES.LIST>
<ALLLEDGERENTRIES.LIST>
<REMOVEZEROENTRIES>No</REMOVEZEROENTRIES>
<ISDEEMEDPOSITIVE>No</ISDEEMEDPOSITIVE>
<LEDGERFROMITEM>No</LEDGERFROMITEM>
<LEDGERNAME>SGST</LEDGERNAME>
<AMOUNT>1035.0000000</AMOUNT>
</ALLLEDGERENTRIES.LIST>
<ALLLEDGERENTRIES.LIST>
<REMOVEZEROENTRIES>No</REMOVEZEROENTRIES>
<ISDEEMEDPOSITIVE>No</ISDEEMEDPOSITIVE>
<LEDGERFROMITEM>No</LEDGERFROMITEM>
<LEDGERNAME>Container Handling Services-Import-GST</LEDGERNAME>
<AMOUNT>1100.000</AMOUNT>
</ALLLEDGERENTRIES.LIST>
<ALLLEDGERENTRIES.LIST>
<REMOVEZEROENTRIES>No</REMOVEZEROENTRIES>
<ISDEEMEDPOSITIVE>No</ISDEEMEDPOSITIVE>
<LEDGERFROMITEM>No</LEDGERFROMITEM>
<LEDGERNAME>CGST</LEDGERNAME>
<AMOUNT>99.0000000</AMOUNT>
</ALLLEDGERENTRIES.LIST>
<ALLLEDGERENTRIES.LIST>
<REMOVEZEROENTRIES>No</REMOVEZEROENTRIES>
<ISDEEMEDPOSITIVE>No</ISDEEMEDPOSITIVE>
<LEDGERFROMITEM>No</LEDGERFROMITEM>
<LEDGERNAME>SGST</LEDGERNAME>
<AMOUNT>99.0000000</AMOUNT>
</ALLLEDGERENTRIES.LIST>
<ALLLEDGERENTRIES.LIST>
<REMOVEZEROENTRIES>No</REMOVEZEROENTRIES>
<ISDEEMEDPOSITIVE>No</ISDEEMEDPOSITIVE>
<LEDGERFROMITEM>No</LEDGERFROMITEM>
<LEDGERNAME>SHORT AND EXCESS</LEDGERNAME>
<AMOUNT>0.000</AMOUNT>
</ALLLEDGERENTRIES.LIST>
</VOUCHER>
<VOUCHER>
<ISOPTIONAL>No</ISOPTIONAL>
<USEFORGAINLOSS>No</USEFORGAINLOSS>
<USEFORCOMPOUND>No</USEFORCOMPOUND>
<VOUCHERTYPENAME>Sales-Import-CFSM</VOUCHERTYPENAME>
<DATE>20200109</DATE>
<EFFECTIVEDATE>20200109</EFFECTIVEDATE>
<ISCANCELLED>No</ISCANCELLED>
<USETRACKINGNUMBER>No</USETRACKINGNUMBER>
<ISPOSTDATED>No</ISPOSTDATED>
<ISINVOICE>No</ISINVOICE>
<DIFFACTUALQTY>No</DIFFACTUALQTY>
<VOUCHERNUMBER>ALSI012575/19-20</VOUCHERNUMBER>
<PARTYLEDGERNAME>SHIVAM SEATRANS PVT LTD</PARTYLEDGERNAME>
<STATENAME>Maharashtra</STATENAME>
<NARRATION>Being amount debited towards IGM No: 2242064, BL NO: NGFH90206700, Importer: FLYSEA GATEWAY PRIVATE LIMITED, VOY NO: 950, Vessel: CSCL AFRICA, LINER: PIL MUMBAI PRIVATE LIMITED and containers:  1 X 40, Invoice No: ALSI012575/19-20</NARRATION>
<PARTYGSTIN>27AARCS4575N1ZC</PARTYGSTIN>
<ALLLEDGERENTRIES.LIST>
<REMOVEZEROENTRIES>No</REMOVEZEROENTRIES>
<ISDEEMEDPOSITIVE>Yes</ISDEEMEDPOSITIVE>
<LEDGERFROMITEM>No</LEDGERFROMITEM>
<LEDGERNAME>SHIVAM SEATRANS PVT LTD</LEDGERNAME>
<AMOUNT>-73278.000</AMOUNT>
<BILLALLOCATIONS.LIST>
<NAME>ALSI012575/19-20</NAME>
<BILLTYPE>New Ref</BILLTYPE>
<AMOUNT>-73278.000</AMOUNT>
</BILLALLOCATIONS.LIST>
</ALLLEDGERENTRIES.LIST>
<ALLLEDGERENTRIES.LIST>
<REMOVEZEROENTRIES>No</REMOVEZEROENTRIES>
<ISDEEMEDPOSITIVE>No</ISDEEMEDPOSITIVE>
<LEDGERFROMITEM>No</LEDGERFROMITEM>
<LEDGERNAME>Container Handling Services-Import-GST</LEDGERNAME>
<AMOUNT>8000.000</AMOUNT>
</ALLLEDGERENTRIES.LIST>
<ALLLEDGERENTRIES.LIST>
<REMOVEZEROENTRIES>No</REMOVEZEROENTRIES>
<ISDEEMEDPOSITIVE>No</ISDEEMEDPOSITIVE>
<LEDGERFROMITEM>No</LEDGERFROMITEM>
<LEDGERNAME>CGST</LEDGERNAME>
<AMOUNT>720.0000000</AMOUNT>
</ALLLEDGERENTRIES.LIST>
<ALLLEDGERENTRIES.LIST>
<REMOVEZEROENTRIES>No</REMOVEZEROENTRIES>
<ISDEEMEDPOSITIVE>No</ISDEEMEDPOSITIVE>
<LEDGERFROMITEM>No</LEDGERFROMITEM>
<LEDGERNAME>SGST</LEDGERNAME>
<AMOUNT>720.0000000</AMOUNT>
</ALLLEDGERENTRIES.LIST>
<ALLLEDGERENTRIES.LIST>
<REMOVEZEROENTRIES>No</REMOVEZEROENTRIES>
<ISDEEMEDPOSITIVE>No</ISDEEMEDPOSITIVE>
<LEDGERFROMITEM>No</LEDGERFROMITEM>
<LEDGERNAME>Container Handling Services-Import-GST</LEDGERNAME>
<AMOUNT>5000.000</AMOUNT>
</ALLLEDGERENTRIES.LIST>
<ALLLEDGERENTRIES.LIST>
<REMOVEZEROENTRIES>No</REMOVEZEROENTRIES>
<ISDEEMEDPOSITIVE>No</ISDEEMEDPOSITIVE>
<LEDGERFROMITEM>No</LEDGERFROMITEM>
<LEDGERNAME>CGST</LEDGERNAME>
<AMOUNT>450.0000000</AMOUNT>
</ALLLEDGERENTRIES.LIST>
<ALLLEDGERENTRIES.LIST>
<REMOVEZEROENTRIES>No</REMOVEZEROENTRIES>
<ISDEEMEDPOSITIVE>No</ISDEEMEDPOSITIVE>
<LEDGERFROMITEM>No</LEDGERFROMITEM>
<LEDGERNAME>SGST</LEDGERNAME>
<AMOUNT>450.0000000</AMOUNT>
</ALLLEDGERENTRIES.LIST>
<ALLLEDGERENTRIES.LIST>
<REMOVEZEROENTRIES>No</REMOVEZEROENTRIES>
<ISDEEMEDPOSITIVE>No</ISDEEMEDPOSITIVE>
<LEDGERFROMITEM>No</LEDGERFROMITEM>
<LEDGERNAME>Other Storage and Warehousing Services-Import-GST</LEDGERNAME>
<AMOUNT>22100.000</AMOUNT>
</ALLLEDGERENTRIES.LIST>
<ALLLEDGERENTRIES.LIST>
<REMOVEZEROENTRIES>No</REMOVEZEROENTRIES>
<ISDEEMEDPOSITIVE>No</ISDEEMEDPOSITIVE>
<LEDGERFROMITEM>No</LEDGERFROMITEM>
<LEDGERNAME>CGST</LEDGERNAME>
<AMOUNT>1989.0000000</AMOUNT>
</ALLLEDGERENTRIES.LIST>
<ALLLEDGERENTRIES.LIST>
<REMOVEZEROENTRIES>No</REMOVEZEROENTRIES>
<ISDEEMEDPOSITIVE>No</ISDEEMEDPOSITIVE>
<LEDGERFROMITEM>No</LEDGERFROMITEM>
<LEDGERNAME>SGST</LEDGERNAME>
<AMOUNT>1989.0000000</AMOUNT>
</ALLLEDGERENTRIES.LIST>
<ALLLEDGERENTRIES.LIST>
<REMOVEZEROENTRIES>No</REMOVEZEROENTRIES>
<ISDEEMEDPOSITIVE>No</ISDEEMEDPOSITIVE>
<LEDGERFROMITEM>No</LEDGERFROMITEM>
<LEDGERNAME>Container Handling Services-Import-GST</LEDGERNAME>
<AMOUNT>2000.000</AMOUNT>
</ALLLEDGERENTRIES.LIST>
<ALLLEDGERENTRIES.LIST>
<REMOVEZEROENTRIES>No</REMOVEZEROENTRIES>
<ISDEEMEDPOSITIVE>No</ISDEEMEDPOSITIVE>
<LEDGERFROMITEM>No</LEDGERFROMITEM>
<LEDGERNAME>CGST</LEDGERNAME>
<AMOUNT>180.0000000</AMOUNT>
</ALLLEDGERENTRIES.LIST>
<ALLLEDGERENTRIES.LIST>
<REMOVEZEROENTRIES>No</REMOVEZEROENTRIES>
<ISDEEMEDPOSITIVE>No</ISDEEMEDPOSITIVE>
<LEDGERFROMITEM>No</LEDGERFROMITEM>
<LEDGERNAME>SGST</LEDGERNAME>
<AMOUNT>180.0000000</AMOUNT>
</ALLLEDGERENTRIES.LIST>
<ALLLEDGERENTRIES.LIST>
<REMOVEZEROENTRIES>No</REMOVEZEROENTRIES>
<ISDEEMEDPOSITIVE>No</ISDEEMEDPOSITIVE>
<LEDGERFROMITEM>No</LEDGERFROMITEM>
<LEDGERNAME>Container Handling Services-Import-GST</LEDGERNAME>
<AMOUNT>25000.000</AMOUNT>
</ALLLEDGERENTRIES.LIST>
<ALLLEDGERENTRIES.LIST>
<REMOVEZEROENTRIES>No</REMOVEZEROENTRIES>
<ISDEEMEDPOSITIVE>No</ISDEEMEDPOSITIVE>
<LEDGERFROMITEM>No</LEDGERFROMITEM>
<LEDGERNAME>CGST</LEDGERNAME>
<AMOUNT>2250.0000000</AMOUNT>
</ALLLEDGERENTRIES.LIST>
<ALLLEDGERENTRIES.LIST>
<REMOVEZEROENTRIES>No</REMOVEZEROENTRIES>
<ISDEEMEDPOSITIVE>No</ISDEEMEDPOSITIVE>
<LEDGERFROMITEM>No</LEDGERFROMITEM>
<LEDGERNAME>SGST</LEDGERNAME>
<AMOUNT>2250.0000000</AMOUNT>
</ALLLEDGERENTRIES.LIST>
<ALLLEDGERENTRIES.LIST>
<REMOVEZEROENTRIES>No</REMOVEZEROENTRIES>
<ISDEEMEDPOSITIVE>No</ISDEEMEDPOSITIVE>
<LEDGERFROMITEM>No</LEDGERFROMITEM>
<LEDGERNAME>SHORT AND EXCESS</LEDGERNAME>
<AMOUNT>0.000</AMOUNT>
</ALLLEDGERENTRIES.LIST>
</VOUCHER>
<VOUCHER>
<ISOPTIONAL>No</ISOPTIONAL>
<USEFORGAINLOSS>No</USEFORGAINLOSS>
<USEFORCOMPOUND>No</USEFORCOMPOUND>
<VOUCHERTYPENAME>Sales-Import-CFSM</VOUCHERTYPENAME>
<DATE>20200109</DATE>
<EFFECTIVEDATE>20200109</EFFECTIVEDATE>
<ISCANCELLED>No</ISCANCELLED>
<USETRACKINGNUMBER>No</USETRACKINGNUMBER>
<ISPOSTDATED>No</ISPOSTDATED>
<ISINVOICE>No</ISINVOICE>
<DIFFACTUALQTY>No</DIFFACTUALQTY>
<VOUCHERNUMBER>ALSI012577/19-20</VOUCHERNUMBER>
<PARTYLEDGERNAME>PRAKASH TRADING CORPORATION</PARTYLEDGERNAME>
<STATENAME>Maharashtra</STATENAME>
<NARRATION>Being amount debited towards IGM No: 2243332, BL NO: EMKXGGNSA1912025, Importer: PRAKASH TRADING CORPORATION, VOY NO: 888, Vessel: BLANDINE, LINER: HUB and LINKS LOGISTICS (I) PVT LTD and containers:  4 X 20, Invoice No: ALSI012577/19-20</NARRATION>
<PARTYGSTIN>27AACPP8403E1ZV</PARTYGSTIN>
<ALLLEDGERENTRIES.LIST>
<REMOVEZEROENTRIES>No</REMOVEZEROENTRIES>
<ISDEEMEDPOSITIVE>Yes</ISDEEMEDPOSITIVE>
<LEDGERFROMITEM>No</LEDGERFROMITEM>
<LEDGERNAME>PRAKASH TRADING CORPORATION</LEDGERNAME>
<AMOUNT>-53513.000</AMOUNT>
<BILLALLOCATIONS.LIST>
<NAME>ALSI012577/19-20</NAME>
<BILLTYPE>New Ref</BILLTYPE>
<AMOUNT>-53513.000</AMOUNT>
</BILLALLOCATIONS.LIST>
</ALLLEDGERENTRIES.LIST>
<ALLLEDGERENTRIES.LIST>
<REMOVEZEROENTRIES>No</REMOVEZEROENTRIES>
<ISDEEMEDPOSITIVE>No</ISDEEMEDPOSITIVE>
<LEDGERFROMITEM>No</LEDGERFROMITEM>
<LEDGERNAME>Container Handling Services-Import-GST</LEDGERNAME>
<AMOUNT>18000.000</AMOUNT>
</ALLLEDGERENTRIES.LIST>
<ALLLEDGERENTRIES.LIST>
<REMOVEZEROENTRIES>No</REMOVEZEROENTRIES>
<ISDEEMEDPOSITIVE>No</ISDEEMEDPOSITIVE>
<LEDGERFROMITEM>No</LEDGERFROMITEM>
<LEDGERNAME>CGST</LEDGERNAME>
<AMOUNT>1620.0000000</AMOUNT>
</ALLLEDGERENTRIES.LIST>
<ALLLEDGERENTRIES.LIST>
<REMOVEZEROENTRIES>No</REMOVEZEROENTRIES>
<ISDEEMEDPOSITIVE>No</ISDEEMEDPOSITIVE>
<LEDGERFROMITEM>No</LEDGERFROMITEM>
<LEDGERNAME>SGST</LEDGERNAME>
<AMOUNT>1620.0000000</AMOUNT>
</ALLLEDGERENTRIES.LIST>
<ALLLEDGERENTRIES.LIST>
<REMOVEZEROENTRIES>No</REMOVEZEROENTRIES>
<ISDEEMEDPOSITIVE>No</ISDEEMEDPOSITIVE>
<LEDGERFROMITEM>No</LEDGERFROMITEM>
<LEDGERNAME>Container Handling Services-Import-GST</LEDGERNAME>
<AMOUNT>3000.000</AMOUNT>
</ALLLEDGERENTRIES.LIST>
<ALLLEDGERENTRIES.LIST>
<REMOVEZEROENTRIES>No</REMOVEZEROENTRIES>
<ISDEEMEDPOSITIVE>No</ISDEEMEDPOSITIVE>
<LEDGERFROMITEM>No</LEDGERFROMITEM>
<LEDGERNAME>CGST</LEDGERNAME>
<AMOUNT>270.0000000</AMOUNT>
</ALLLEDGERENTRIES.LIST>
<ALLLEDGERENTRIES.LIST>
<REMOVEZEROENTRIES>No</REMOVEZEROENTRIES>
<ISDEEMEDPOSITIVE>No</ISDEEMEDPOSITIVE>
<LEDGERFROMITEM>No</LEDGERFROMITEM>
<LEDGERNAME>SGST</LEDGERNAME>
<AMOUNT>270.0000000</AMOUNT>
</ALLLEDGERENTRIES.LIST>
<ALLLEDGERENTRIES.LIST>
<REMOVEZEROENTRIES>No</REMOVEZEROENTRIES>
<ISDEEMEDPOSITIVE>No</ISDEEMEDPOSITIVE>
<LEDGERFROMITEM>No</LEDGERFROMITEM>
<LEDGERNAME>Container Handling Services-Import-GST</LEDGERNAME>
<AMOUNT>22000.000</AMOUNT>
</ALLLEDGERENTRIES.LIST>
<ALLLEDGERENTRIES.LIST>
<REMOVEZEROENTRIES>No</REMOVEZEROENTRIES>
<ISDEEMEDPOSITIVE>No</ISDEEMEDPOSITIVE>
<LEDGERFROMITEM>No</LEDGERFROMITEM>
<LEDGERNAME>CGST</LEDGERNAME>
<AMOUNT>1980.0000000</AMOUNT>
</ALLLEDGERENTRIES.LIST>
<ALLLEDGERENTRIES.LIST>
<REMOVEZEROENTRIES>No</REMOVEZEROENTRIES>
<ISDEEMEDPOSITIVE>No</ISDEEMEDPOSITIVE>
<LEDGERFROMITEM>No</LEDGERFROMITEM>
<LEDGERNAME>SGST</LEDGERNAME>
<AMOUNT>1980.0000000</AMOUNT>
</ALLLEDGERENTRIES.LIST>
<ALLLEDGERENTRIES.LIST>
<REMOVEZEROENTRIES>No</REMOVEZEROENTRIES>
<ISDEEMEDPOSITIVE>No</ISDEEMEDPOSITIVE>
<LEDGERFROMITEM>No</LEDGERFROMITEM>
<LEDGERNAME>Container Handling Services-Import-GST</LEDGERNAME>
<AMOUNT>2200.000</AMOUNT>
</ALLLEDGERENTRIES.LIST>
<ALLLEDGERENTRIES.LIST>
<REMOVEZEROENTRIES>No</REMOVEZEROENTRIES>
<ISDEEMEDPOSITIVE>No</ISDEEMEDPOSITIVE>
<LEDGERFROMITEM>No</LEDGERFROMITEM>
<LEDGERNAME>CGST</LEDGERNAME>
<AMOUNT>198.0000000</AMOUNT>
</ALLLEDGERENTRIES.LIST>
<ALLLEDGERENTRIES.LIST>
<REMOVEZEROENTRIES>No</REMOVEZEROENTRIES>
<ISDEEMEDPOSITIVE>No</ISDEEMEDPOSITIVE>
<LEDGERFROMITEM>No</LEDGERFROMITEM>
<LEDGERNAME>SGST</LEDGERNAME>
<AMOUNT>198.0000000</AMOUNT>
</ALLLEDGERENTRIES.LIST>
<ALLLEDGERENTRIES.LIST>
<REMOVEZEROENTRIES>No</REMOVEZEROENTRIES>
<ISDEEMEDPOSITIVE>No</ISDEEMEDPOSITIVE>
<LEDGERFROMITEM>No</LEDGERFROMITEM>
<LEDGERNAME>Container Handling Services-Import-GST</LEDGERNAME>
<AMOUNT>150.000</AMOUNT>
</ALLLEDGERENTRIES.LIST>
<ALLLEDGERENTRIES.LIST>
<REMOVEZEROENTRIES>No</REMOVEZEROENTRIES>
<ISDEEMEDPOSITIVE>No</ISDEEMEDPOSITIVE>
<LEDGERFROMITEM>No</LEDGERFROMITEM>
<LEDGERNAME>CGST</LEDGERNAME>
<AMOUNT>13.5000000</AMOUNT>
</ALLLEDGERENTRIES.LIST>
<ALLLEDGERENTRIES.LIST>
<REMOVEZEROENTRIES>No</REMOVEZEROENTRIES>
<ISDEEMEDPOSITIVE>No</ISDEEMEDPOSITIVE>
<LEDGERFROMITEM>No</LEDGERFROMITEM>
<LEDGERNAME>SGST</LEDGERNAME>
<AMOUNT>13.5000000</AMOUNT>
</ALLLEDGERENTRIES.LIST>
<ALLLEDGERENTRIES.LIST>
<REMOVEZEROENTRIES>No</REMOVEZEROENTRIES>
<ISDEEMEDPOSITIVE>No</ISDEEMEDPOSITIVE>
<LEDGERFROMITEM>No</LEDGERFROMITEM>
<LEDGERNAME>SHORT AND EXCESS</LEDGERNAME>
<AMOUNT>0.000</AMOUNT>
</ALLLEDGERENTRIES.LIST>
</VOUCHER>
</TALLYMESSAGE>
</REQUESTDATA>
</IMPORTDATA>
</BODY>
</ENVELOPE>
