<?xml version="1.0" encoding="UTF-8"?>
<ENVELOPE>
<HEADER>
<TALLYREQUEST>Import Data</TALLYREQUEST>
</HEADER>
<BODY>
<IMPORTDATA>
<REQUESTDESC>
<REPORTNAME>Vouchers</REPORTNAME>
<STATICVARIABLES>
<SVCURRENTCOMPANY>
Apollo LogiSolutions Limited-Panvel
</SVCURRENTCOMPANY>
</STATICVARIABLES>
</REQUESTDESC>
<REQUESTDATA>
<TALLYMESSAGE xmlns:UDF="TallyUDF">
<VOUCHER>
<ISOPTIONAL>No</ISOPTIONAL>
<USEFORGAINLOSS>No</USEFORGAINLOSS>
<USEFORCOMPOUND>No</USEFORCOMPOUND>
<VOUCHERTYPENAME>Sales-Export-CFSM</VOUCHERTYPENAME>
<DATE>20200205</DATE>
<EFFECTIVEDATE>20200205</EFFECTIVEDATE>
<ISCANCELLED>No</ISCANCELLED>
<USETRACKINGNUMBER>No</USETRACKINGNUMBER>
<ISPOSTDATED>No</ISPOSTDATED>
<ISINVOICE>No</ISINVOICE>
<DIFFACTUALQTY>No</DIFFACTUALQTY>
<VOUCHERNUMBER>ALSE005392/19-20</VOUCHERNUMBER>
<PARTYLEDGERNAME>V. Arjoon Shipping Pvt Limited-Export</PARTYLEDGERNAME>
<STATENAME>Maharashtra</STATENAME>
<NARRATION>Being amount debited toward export, Shipping Bill No: 1057830, Exporter: AL GYAS EXPORTS PVT LTD, Invoice No: ALSE005392/19-20</NARRATION>
<PARTYGSTIN>27AABCV9048H2ZZ</PARTYGSTIN>
<ALLLEDGERENTRIES.LIST>
<REMOVEZEROENTRIES>No</REMOVEZEROENTRIES>
<ISDEEMEDPOSITIVE>Yes</ISDEEMEDPOSITIVE>
<LEDGERFROMITEM>No</LEDGERFROMITEM>
<LEDGERNAME>V. Arjoon Shipping Pvt Limited-Export</LEDGERNAME>
<AMOUNT>-43070.000</AMOUNT>
<BILLALLOCATIONS.LIST>
<NAME>ALSE005392/19-20</NAME>
<BILLCREDITPERIOD>15 Days</BILLCREDITPERIOD>
<BILLTYPE>New Ref</BILLTYPE>
<AMOUNT>-43070.000</AMOUNT>
</BILLALLOCATIONS.LIST>
</ALLLEDGERENTRIES.LIST>
<ALLLEDGERENTRIES.LIST>
<REMOVEZEROENTRIES>No</REMOVEZEROENTRIES>
<ISDEEMEDPOSITIVE>No</ISDEEMEDPOSITIVE>
<LEDGERFROMITEM>No</LEDGERFROMITEM>
<LEDGERNAME>Container Handling Services-Export-GST</LEDGERNAME>
<AMOUNT>7500.000</AMOUNT>
</ALLLEDGERENTRIES.LIST>
<ALLLEDGERENTRIES.LIST>
<REMOVEZEROENTRIES>No</REMOVEZEROENTRIES>
<ISDEEMEDPOSITIVE>No</ISDEEMEDPOSITIVE>
<LEDGERFROMITEM>No</LEDGERFROMITEM>
<LEDGERNAME>CGST</LEDGERNAME>
<AMOUNT>675.000000000</AMOUNT>
</ALLLEDGERENTRIES.LIST>
<ALLLEDGERENTRIES.LIST>
<REMOVEZEROENTRIES>No</REMOVEZEROENTRIES>
<ISDEEMEDPOSITIVE>No</ISDEEMEDPOSITIVE>
<LEDGERFROMITEM>No</LEDGERFROMITEM>
<LEDGERNAME>SGST</LEDGERNAME>
<AMOUNT>675.000000000</AMOUNT>
</ALLLEDGERENTRIES.LIST>
<ALLLEDGERENTRIES.LIST>
<REMOVEZEROENTRIES>No</REMOVEZEROENTRIES>
<ISDEEMEDPOSITIVE>No</ISDEEMEDPOSITIVE>
<LEDGERFROMITEM>No</LEDGERFROMITEM>
<LEDGERNAME>Container Handling Services-Export-GST</LEDGERNAME>
<AMOUNT>25000.000</AMOUNT>
</ALLLEDGERENTRIES.LIST>
<ALLLEDGERENTRIES.LIST>
<REMOVEZEROENTRIES>No</REMOVEZEROENTRIES>
<ISDEEMEDPOSITIVE>No</ISDEEMEDPOSITIVE>
<LEDGERFROMITEM>No</LEDGERFROMITEM>
<LEDGERNAME>CGST</LEDGERNAME>
<AMOUNT>2250.000000000</AMOUNT>
</ALLLEDGERENTRIES.LIST>
<ALLLEDGERENTRIES.LIST>
<REMOVEZEROENTRIES>No</REMOVEZEROENTRIES>
<ISDEEMEDPOSITIVE>No</ISDEEMEDPOSITIVE>
<LEDGERFROMITEM>No</LEDGERFROMITEM>
<LEDGERNAME>SGST</LEDGERNAME>
<AMOUNT>2250.000000000</AMOUNT>
</ALLLEDGERENTRIES.LIST>
<ALLLEDGERENTRIES.LIST>
<REMOVEZEROENTRIES>No</REMOVEZEROENTRIES>
<ISDEEMEDPOSITIVE>No</ISDEEMEDPOSITIVE>
<LEDGERFROMITEM>No</LEDGERFROMITEM>
<LEDGERNAME>Container Handling Services-Export-GST</LEDGERNAME>
<AMOUNT>1600.000</AMOUNT>
</ALLLEDGERENTRIES.LIST>
<ALLLEDGERENTRIES.LIST>
<REMOVEZEROENTRIES>No</REMOVEZEROENTRIES>
<ISDEEMEDPOSITIVE>No</ISDEEMEDPOSITIVE>
<LEDGERFROMITEM>No</LEDGERFROMITEM>
<LEDGERNAME>CGST</LEDGERNAME>
<AMOUNT>144.000000000</AMOUNT>
</ALLLEDGERENTRIES.LIST>
<ALLLEDGERENTRIES.LIST>
<REMOVEZEROENTRIES>No</REMOVEZEROENTRIES>
<ISDEEMEDPOSITIVE>No</ISDEEMEDPOSITIVE>
<LEDGERFROMITEM>No</LEDGERFROMITEM>
<LEDGERNAME>SGST</LEDGERNAME>
<AMOUNT>144.000000000</AMOUNT>
</ALLLEDGERENTRIES.LIST>
<ALLLEDGERENTRIES.LIST>
<REMOVEZEROENTRIES>No</REMOVEZEROENTRIES>
<ISDEEMEDPOSITIVE>No</ISDEEMEDPOSITIVE>
<LEDGERFROMITEM>No</LEDGERFROMITEM>
<LEDGERNAME>Container Handling Services-Export-GST</LEDGERNAME>
<AMOUNT>2400.000</AMOUNT>
</ALLLEDGERENTRIES.LIST>
<ALLLEDGERENTRIES.LIST>
<REMOVEZEROENTRIES>No</REMOVEZEROENTRIES>
<ISDEEMEDPOSITIVE>No</ISDEEMEDPOSITIVE>
<LEDGERFROMITEM>No</LEDGERFROMITEM>
<LEDGERNAME>CGST</LEDGERNAME>
<AMOUNT>216.000000000</AMOUNT>
</ALLLEDGERENTRIES.LIST>
<ALLLEDGERENTRIES.LIST>
<REMOVEZEROENTRIES>No</REMOVEZEROENTRIES>
<ISDEEMEDPOSITIVE>No</ISDEEMEDPOSITIVE>
<LEDGERFROMITEM>No</LEDGERFROMITEM>
<LEDGERNAME>SGST</LEDGERNAME>
<AMOUNT>216.000000000</AMOUNT>
</ALLLEDGERENTRIES.LIST>
<ALLLEDGERENTRIES.LIST>
<REMOVEZEROENTRIES>No</REMOVEZEROENTRIES>
<ISDEEMEDPOSITIVE>No</ISDEEMEDPOSITIVE>
<LEDGERFROMITEM>No</LEDGERFROMITEM>
<LEDGERNAME>SHORT AND EXCESS</LEDGERNAME>
<AMOUNT>0.000</AMOUNT>
</ALLLEDGERENTRIES.LIST>
</VOUCHER>
<VOUCHER>
<ISOPTIONAL>No</ISOPTIONAL>
<USEFORGAINLOSS>No</USEFORGAINLOSS>
<USEFORCOMPOUND>No</USEFORCOMPOUND>
<VOUCHERTYPENAME>Sales-Export-CFSM</VOUCHERTYPENAME>
<DATE>20200205</DATE>
<EFFECTIVEDATE>20200205</EFFECTIVEDATE>
<ISCANCELLED>No</ISCANCELLED>
<USETRACKINGNUMBER>No</USETRACKINGNUMBER>
<ISPOSTDATED>No</ISPOSTDATED>
<ISINVOICE>No</ISINVOICE>
<DIFFACTUALQTY>No</DIFFACTUALQTY>
<VOUCHERNUMBER>ALSE005393/19-20</VOUCHERNUMBER>
<PARTYLEDGERNAME>V. Arjoon Shipping Pvt Limited-Export</PARTYLEDGERNAME>
<STATENAME>Maharashtra</STATENAME>
<NARRATION>Being amount debited toward export, Shipping Bill No: 1057835, Exporter: AL GYAS EXPORTS PVT LTD, Invoice No: ALSE005393/19-20</NARRATION>
<PARTYGSTIN>27AABCV9048H2ZZ</PARTYGSTIN>
<ALLLEDGERENTRIES.LIST>
<REMOVEZEROENTRIES>No</REMOVEZEROENTRIES>
<ISDEEMEDPOSITIVE>Yes</ISDEEMEDPOSITIVE>
<LEDGERFROMITEM>No</LEDGERFROMITEM>
<LEDGERNAME>V. Arjoon Shipping Pvt Limited-Export</LEDGERNAME>
<AMOUNT>-43070.000</AMOUNT>
<BILLALLOCATIONS.LIST>
<NAME>ALSE005393/19-20</NAME>
<BILLCREDITPERIOD>15 Days</BILLCREDITPERIOD>
<BILLTYPE>New Ref</BILLTYPE>
<AMOUNT>-43070.000</AMOUNT>
</BILLALLOCATIONS.LIST>
</ALLLEDGERENTRIES.LIST>
<ALLLEDGERENTRIES.LIST>
<REMOVEZEROENTRIES>No</REMOVEZEROENTRIES>
<ISDEEMEDPOSITIVE>No</ISDEEMEDPOSITIVE>
<LEDGERFROMITEM>No</LEDGERFROMITEM>
<LEDGERNAME>Container Handling Services-Export-GST</LEDGERNAME>
<AMOUNT>7500.000</AMOUNT>
</ALLLEDGERENTRIES.LIST>
<ALLLEDGERENTRIES.LIST>
<REMOVEZEROENTRIES>No</REMOVEZEROENTRIES>
<ISDEEMEDPOSITIVE>No</ISDEEMEDPOSITIVE>
<LEDGERFROMITEM>No</LEDGERFROMITEM>
<LEDGERNAME>CGST</LEDGERNAME>
<AMOUNT>675.000000000</AMOUNT>
</ALLLEDGERENTRIES.LIST>
<ALLLEDGERENTRIES.LIST>
<REMOVEZEROENTRIES>No</REMOVEZEROENTRIES>
<ISDEEMEDPOSITIVE>No</ISDEEMEDPOSITIVE>
<LEDGERFROMITEM>No</LEDGERFROMITEM>
<LEDGERNAME>SGST</LEDGERNAME>
<AMOUNT>675.000000000</AMOUNT>
</ALLLEDGERENTRIES.LIST>
<ALLLEDGERENTRIES.LIST>
<REMOVEZEROENTRIES>No</REMOVEZEROENTRIES>
<ISDEEMEDPOSITIVE>No</ISDEEMEDPOSITIVE>
<LEDGERFROMITEM>No</LEDGERFROMITEM>
<LEDGERNAME>Container Handling Services-Export-GST</LEDGERNAME>
<AMOUNT>25000.000</AMOUNT>
</ALLLEDGERENTRIES.LIST>
<ALLLEDGERENTRIES.LIST>
<REMOVEZEROENTRIES>No</REMOVEZEROENTRIES>
<ISDEEMEDPOSITIVE>No</ISDEEMEDPOSITIVE>
<LEDGERFROMITEM>No</LEDGERFROMITEM>
<LEDGERNAME>CGST</LEDGERNAME>
<AMOUNT>2250.000000000</AMOUNT>
</ALLLEDGERENTRIES.LIST>
<ALLLEDGERENTRIES.LIST>
<REMOVEZEROENTRIES>No</REMOVEZEROENTRIES>
<ISDEEMEDPOSITIVE>No</ISDEEMEDPOSITIVE>
<LEDGERFROMITEM>No</LEDGERFROMITEM>
<LEDGERNAME>SGST</LEDGERNAME>
<AMOUNT>2250.000000000</AMOUNT>
</ALLLEDGERENTRIES.LIST>
<ALLLEDGERENTRIES.LIST>
<REMOVEZEROENTRIES>No</REMOVEZEROENTRIES>
<ISDEEMEDPOSITIVE>No</ISDEEMEDPOSITIVE>
<LEDGERFROMITEM>No</LEDGERFROMITEM>
<LEDGERNAME>Container Handling Services-Export-GST</LEDGERNAME>
<AMOUNT>4000.000</AMOUNT>
</ALLLEDGERENTRIES.LIST>
<ALLLEDGERENTRIES.LIST>
<REMOVEZEROENTRIES>No</REMOVEZEROENTRIES>
<ISDEEMEDPOSITIVE>No</ISDEEMEDPOSITIVE>
<LEDGERFROMITEM>No</LEDGERFROMITEM>
<LEDGERNAME>CGST</LEDGERNAME>
<AMOUNT>360.000000000</AMOUNT>
</ALLLEDGERENTRIES.LIST>
<ALLLEDGERENTRIES.LIST>
<REMOVEZEROENTRIES>No</REMOVEZEROENTRIES>
<ISDEEMEDPOSITIVE>No</ISDEEMEDPOSITIVE>
<LEDGERFROMITEM>No</LEDGERFROMITEM>
<LEDGERNAME>SGST</LEDGERNAME>
<AMOUNT>360.000000000</AMOUNT>
</ALLLEDGERENTRIES.LIST>
<ALLLEDGERENTRIES.LIST>
<REMOVEZEROENTRIES>No</REMOVEZEROENTRIES>
<ISDEEMEDPOSITIVE>No</ISDEEMEDPOSITIVE>
<LEDGERFROMITEM>No</LEDGERFROMITEM>
<LEDGERNAME>SHORT AND EXCESS</LEDGERNAME>
<AMOUNT>0.000</AMOUNT>
</ALLLEDGERENTRIES.LIST>
</VOUCHER>
<VOUCHER>
<ISOPTIONAL>No</ISOPTIONAL>
<USEFORGAINLOSS>No</USEFORGAINLOSS>
<USEFORCOMPOUND>No</USEFORCOMPOUND>
<VOUCHERTYPENAME>Sales-Export-CFSM</VOUCHERTYPENAME>
<DATE>20200205</DATE>
<EFFECTIVEDATE>20200205</EFFECTIVEDATE>
<ISCANCELLED>No</ISCANCELLED>
<USETRACKINGNUMBER>No</USETRACKINGNUMBER>
<ISPOSTDATED>No</ISPOSTDATED>
<ISINVOICE>No</ISINVOICE>
<DIFFACTUALQTY>No</DIFFACTUALQTY>
<VOUCHERNUMBER>ALSE005394/19-20</VOUCHERNUMBER>
<PARTYLEDGERNAME>V. Arjoon Shipping Pvt Limited-Export</PARTYLEDGERNAME>
<STATENAME>Maharashtra</STATENAME>
<NARRATION>Being amount debited toward export, Shipping Bill No: 1068303, Exporter: AL GYAS EXPORTS PVT LTD, Invoice No: ALSE005394/19-20</NARRATION>
<PARTYGSTIN>27AABCV9048H2ZZ</PARTYGSTIN>
<ALLLEDGERENTRIES.LIST>
<REMOVEZEROENTRIES>No</REMOVEZEROENTRIES>
<ISDEEMEDPOSITIVE>Yes</ISDEEMEDPOSITIVE>
<LEDGERFROMITEM>No</LEDGERFROMITEM>
<LEDGERNAME>V. Arjoon Shipping Pvt Limited-Export</LEDGERNAME>
<AMOUNT>-43070.000</AMOUNT>
<BILLALLOCATIONS.LIST>
<NAME>ALSE005394/19-20</NAME>
<BILLCREDITPERIOD>15 Days</BILLCREDITPERIOD>
<BILLTYPE>New Ref</BILLTYPE>
<AMOUNT>-43070.000</AMOUNT>
</BILLALLOCATIONS.LIST>
</ALLLEDGERENTRIES.LIST>
<ALLLEDGERENTRIES.LIST>
<REMOVEZEROENTRIES>No</REMOVEZEROENTRIES>
<ISDEEMEDPOSITIVE>No</ISDEEMEDPOSITIVE>
<LEDGERFROMITEM>No</LEDGERFROMITEM>
<LEDGERNAME>Container Handling Services-Export-GST</LEDGERNAME>
<AMOUNT>7500.000</AMOUNT>
</ALLLEDGERENTRIES.LIST>
<ALLLEDGERENTRIES.LIST>
<REMOVEZEROENTRIES>No</REMOVEZEROENTRIES>
<ISDEEMEDPOSITIVE>No</ISDEEMEDPOSITIVE>
<LEDGERFROMITEM>No</LEDGERFROMITEM>
<LEDGERNAME>CGST</LEDGERNAME>
<AMOUNT>675.000000000</AMOUNT>
</ALLLEDGERENTRIES.LIST>
<ALLLEDGERENTRIES.LIST>
<REMOVEZEROENTRIES>No</REMOVEZEROENTRIES>
<ISDEEMEDPOSITIVE>No</ISDEEMEDPOSITIVE>
<LEDGERFROMITEM>No</LEDGERFROMITEM>
<LEDGERNAME>SGST</LEDGERNAME>
<AMOUNT>675.000000000</AMOUNT>
</ALLLEDGERENTRIES.LIST>
<ALLLEDGERENTRIES.LIST>
<REMOVEZEROENTRIES>No</REMOVEZEROENTRIES>
<ISDEEMEDPOSITIVE>No</ISDEEMEDPOSITIVE>
<LEDGERFROMITEM>No</LEDGERFROMITEM>
<LEDGERNAME>Container Handling Services-Export-GST</LEDGERNAME>
<AMOUNT>25000.000</AMOUNT>
</ALLLEDGERENTRIES.LIST>
<ALLLEDGERENTRIES.LIST>
<REMOVEZEROENTRIES>No</REMOVEZEROENTRIES>
<ISDEEMEDPOSITIVE>No</ISDEEMEDPOSITIVE>
<LEDGERFROMITEM>No</LEDGERFROMITEM>
<LEDGERNAME>CGST</LEDGERNAME>
<AMOUNT>2250.000000000</AMOUNT>
</ALLLEDGERENTRIES.LIST>
<ALLLEDGERENTRIES.LIST>
<REMOVEZEROENTRIES>No</REMOVEZEROENTRIES>
<ISDEEMEDPOSITIVE>No</ISDEEMEDPOSITIVE>
<LEDGERFROMITEM>No</LEDGERFROMITEM>
<LEDGERNAME>SGST</LEDGERNAME>
<AMOUNT>2250.000000000</AMOUNT>
</ALLLEDGERENTRIES.LIST>
<ALLLEDGERENTRIES.LIST>
<REMOVEZEROENTRIES>No</REMOVEZEROENTRIES>
<ISDEEMEDPOSITIVE>No</ISDEEMEDPOSITIVE>
<LEDGERFROMITEM>No</LEDGERFROMITEM>
<LEDGERNAME>Container Handling Services-Export-GST</LEDGERNAME>
<AMOUNT>4000.000</AMOUNT>
</ALLLEDGERENTRIES.LIST>
<ALLLEDGERENTRIES.LIST>
<REMOVEZEROENTRIES>No</REMOVEZEROENTRIES>
<ISDEEMEDPOSITIVE>No</ISDEEMEDPOSITIVE>
<LEDGERFROMITEM>No</LEDGERFROMITEM>
<LEDGERNAME>CGST</LEDGERNAME>
<AMOUNT>360.000000000</AMOUNT>
</ALLLEDGERENTRIES.LIST>
<ALLLEDGERENTRIES.LIST>
<REMOVEZEROENTRIES>No</REMOVEZEROENTRIES>
<ISDEEMEDPOSITIVE>No</ISDEEMEDPOSITIVE>
<LEDGERFROMITEM>No</LEDGERFROMITEM>
<LEDGERNAME>SGST</LEDGERNAME>
<AMOUNT>360.000000000</AMOUNT>
</ALLLEDGERENTRIES.LIST>
<ALLLEDGERENTRIES.LIST>
<REMOVEZEROENTRIES>No</REMOVEZEROENTRIES>
<ISDEEMEDPOSITIVE>No</ISDEEMEDPOSITIVE>
<LEDGERFROMITEM>No</LEDGERFROMITEM>
<LEDGERNAME>SHORT AND EXCESS</LEDGERNAME>
<AMOUNT>0.000</AMOUNT>
</ALLLEDGERENTRIES.LIST>
</VOUCHER>
<VOUCHER>
<ISOPTIONAL>No</ISOPTIONAL>
<USEFORGAINLOSS>No</USEFORGAINLOSS>
<USEFORCOMPOUND>No</USEFORCOMPOUND>
<VOUCHERTYPENAME>Sales-Export-CFSM</VOUCHERTYPENAME>
<DATE>20200205</DATE>
<EFFECTIVEDATE>20200205</EFFECTIVEDATE>
<ISCANCELLED>No</ISCANCELLED>
<USETRACKINGNUMBER>No</USETRACKINGNUMBER>
<ISPOSTDATED>No</ISPOSTDATED>
<ISINVOICE>No</ISINVOICE>
<DIFFACTUALQTY>No</DIFFACTUALQTY>
<VOUCHERNUMBER>ALSA001568/19-20</VOUCHERNUMBER>
<PARTYLEDGERNAME>V. Arjoon Shipping Pvt Limited-Export</PARTYLEDGERNAME>
<STATENAME>Maharashtra</STATENAME>
<NARRATION>Being amount debited toward export, Shipping Bill No: 1073720, Exporter: AL GYAS EXPORTS PVT LTD, Invoice No: ALSA001568/19-20</NARRATION>
<PARTYGSTIN>27AABCV9048H2ZZ</PARTYGSTIN>
<ALLLEDGERENTRIES.LIST>
<REMOVEZEROENTRIES>No</REMOVEZEROENTRIES>
<ISDEEMEDPOSITIVE>Yes</ISDEEMEDPOSITIVE>
<LEDGERFROMITEM>No</LEDGERFROMITEM>
<LEDGERNAME>V. Arjoon Shipping Pvt Limited-Export</LEDGERNAME>
<AMOUNT>-36500.000</AMOUNT>
<BILLALLOCATIONS.LIST>
<NAME>ALSA001568/19-20</NAME>
<BILLCREDITPERIOD>15 Days</BILLCREDITPERIOD>
<BILLTYPE>New Ref</BILLTYPE>
<AMOUNT>-36500.000</AMOUNT>
</BILLALLOCATIONS.LIST>
</ALLLEDGERENTRIES.LIST>
<ALLLEDGERENTRIES.LIST>
<REMOVEZEROENTRIES>No</REMOVEZEROENTRIES>
<ISDEEMEDPOSITIVE>No</ISDEEMEDPOSITIVE>
<LEDGERFROMITEM>No</LEDGERFROMITEM>
<LEDGERNAME>Container Handling Services-Export-NGST</LEDGERNAME>
<AMOUNT>7500.000</AMOUNT>
</ALLLEDGERENTRIES.LIST>
<ALLLEDGERENTRIES.LIST>
<REMOVEZEROENTRIES>No</REMOVEZEROENTRIES>
<ISDEEMEDPOSITIVE>No</ISDEEMEDPOSITIVE>
<LEDGERFROMITEM>No</LEDGERFROMITEM>
<LEDGERNAME>Container Handling Services-Export-NGST</LEDGERNAME>
<AMOUNT>25000.000</AMOUNT>
</ALLLEDGERENTRIES.LIST>
<ALLLEDGERENTRIES.LIST>
<REMOVEZEROENTRIES>No</REMOVEZEROENTRIES>
<ISDEEMEDPOSITIVE>No</ISDEEMEDPOSITIVE>
<LEDGERFROMITEM>No</LEDGERFROMITEM>
<LEDGERNAME>Container Handling Services-Export-NGST</LEDGERNAME>
<AMOUNT>4000.000</AMOUNT>
</ALLLEDGERENTRIES.LIST>
<ALLLEDGERENTRIES.LIST>
<REMOVEZEROENTRIES>No</REMOVEZEROENTRIES>
<ISDEEMEDPOSITIVE>No</ISDEEMEDPOSITIVE>
<LEDGERFROMITEM>No</LEDGERFROMITEM>
<LEDGERNAME>SHORT AND EXCESS</LEDGERNAME>
<AMOUNT>0.000</AMOUNT>
</ALLLEDGERENTRIES.LIST>
</VOUCHER>
<VOUCHER>
<ISOPTIONAL>No</ISOPTIONAL>
<USEFORGAINLOSS>No</USEFORGAINLOSS>
<USEFORCOMPOUND>No</USEFORCOMPOUND>
<VOUCHERTYPENAME>Sales-Export-CFSM</VOUCHERTYPENAME>
<DATE>20200205</DATE>
<EFFECTIVEDATE>20200205</EFFECTIVEDATE>
<ISCANCELLED>No</ISCANCELLED>
<USETRACKINGNUMBER>No</USETRACKINGNUMBER>
<ISPOSTDATED>No</ISPOSTDATED>
<ISINVOICE>No</ISINVOICE>
<DIFFACTUALQTY>No</DIFFACTUALQTY>
<VOUCHERNUMBER>ALSE005395/19-20</VOUCHERNUMBER>
<PARTYLEDGERNAME>V. Arjoon Shipping Pvt Limited-Export</PARTYLEDGERNAME>
<STATENAME>Maharashtra</STATENAME>
<NARRATION>Being amount debited toward export, Shipping Bill No: 9802047, Exporter: SENOR METALS PVT LTD, Invoice No: ALSE005395/19-20</NARRATION>
<PARTYGSTIN>27AABCV9048H2ZZ</PARTYGSTIN>
<ALLLEDGERENTRIES.LIST>
<REMOVEZEROENTRIES>No</REMOVEZEROENTRIES>
<ISDEEMEDPOSITIVE>Yes</ISDEEMEDPOSITIVE>
<LEDGERFROMITEM>No</LEDGERFROMITEM>
<LEDGERNAME>V. Arjoon Shipping Pvt Limited-Export</LEDGERNAME>
<AMOUNT>-9204.000</AMOUNT>
<BILLALLOCATIONS.LIST>
<NAME>ALSE005395/19-20</NAME>
<BILLCREDITPERIOD>15 Days</BILLCREDITPERIOD>
<BILLTYPE>New Ref</BILLTYPE>
<AMOUNT>-9204.000</AMOUNT>
</BILLALLOCATIONS.LIST>
</ALLLEDGERENTRIES.LIST>
<ALLLEDGERENTRIES.LIST>
<REMOVEZEROENTRIES>No</REMOVEZEROENTRIES>
<ISDEEMEDPOSITIVE>No</ISDEEMEDPOSITIVE>
<LEDGERFROMITEM>No</LEDGERFROMITEM>
<LEDGERNAME>Container Handling Services-Export-GST</LEDGERNAME>
<AMOUNT>1500.000</AMOUNT>
</ALLLEDGERENTRIES.LIST>
<ALLLEDGERENTRIES.LIST>
<REMOVEZEROENTRIES>No</REMOVEZEROENTRIES>
<ISDEEMEDPOSITIVE>No</ISDEEMEDPOSITIVE>
<LEDGERFROMITEM>No</LEDGERFROMITEM>
<LEDGERNAME>CGST</LEDGERNAME>
<AMOUNT>135.000000000</AMOUNT>
</ALLLEDGERENTRIES.LIST>
<ALLLEDGERENTRIES.LIST>
<REMOVEZEROENTRIES>No</REMOVEZEROENTRIES>
<ISDEEMEDPOSITIVE>No</ISDEEMEDPOSITIVE>
<LEDGERFROMITEM>No</LEDGERFROMITEM>
<LEDGERNAME>SGST</LEDGERNAME>
<AMOUNT>135.000000000</AMOUNT>
</ALLLEDGERENTRIES.LIST>
<ALLLEDGERENTRIES.LIST>
<REMOVEZEROENTRIES>No</REMOVEZEROENTRIES>
<ISDEEMEDPOSITIVE>No</ISDEEMEDPOSITIVE>
<LEDGERFROMITEM>No</LEDGERFROMITEM>
<LEDGERNAME>Container Handling Services-Export-GST</LEDGERNAME>
<AMOUNT>5000.000</AMOUNT>
</ALLLEDGERENTRIES.LIST>
<ALLLEDGERENTRIES.LIST>
<REMOVEZEROENTRIES>No</REMOVEZEROENTRIES>
<ISDEEMEDPOSITIVE>No</ISDEEMEDPOSITIVE>
<LEDGERFROMITEM>No</LEDGERFROMITEM>
<LEDGERNAME>CGST</LEDGERNAME>
<AMOUNT>450.000000000</AMOUNT>
</ALLLEDGERENTRIES.LIST>
<ALLLEDGERENTRIES.LIST>
<REMOVEZEROENTRIES>No</REMOVEZEROENTRIES>
<ISDEEMEDPOSITIVE>No</ISDEEMEDPOSITIVE>
<LEDGERFROMITEM>No</LEDGERFROMITEM>
<LEDGERNAME>SGST</LEDGERNAME>
<AMOUNT>450.000000000</AMOUNT>
</ALLLEDGERENTRIES.LIST>
<ALLLEDGERENTRIES.LIST>
<REMOVEZEROENTRIES>No</REMOVEZEROENTRIES>
<ISDEEMEDPOSITIVE>No</ISDEEMEDPOSITIVE>
<LEDGERFROMITEM>No</LEDGERFROMITEM>
<LEDGERNAME>Container Handling Services-Export-GST</LEDGERNAME>
<AMOUNT>1300.000</AMOUNT>
</ALLLEDGERENTRIES.LIST>
<ALLLEDGERENTRIES.LIST>
<REMOVEZEROENTRIES>No</REMOVEZEROENTRIES>
<ISDEEMEDPOSITIVE>No</ISDEEMEDPOSITIVE>
<LEDGERFROMITEM>No</LEDGERFROMITEM>
<LEDGERNAME>CGST</LEDGERNAME>
<AMOUNT>117.000000000</AMOUNT>
</ALLLEDGERENTRIES.LIST>
<ALLLEDGERENTRIES.LIST>
<REMOVEZEROENTRIES>No</REMOVEZEROENTRIES>
<ISDEEMEDPOSITIVE>No</ISDEEMEDPOSITIVE>
<LEDGERFROMITEM>No</LEDGERFROMITEM>
<LEDGERNAME>SGST</LEDGERNAME>
<AMOUNT>117.000000000</AMOUNT>
</ALLLEDGERENTRIES.LIST>
<ALLLEDGERENTRIES.LIST>
<REMOVEZEROENTRIES>No</REMOVEZEROENTRIES>
<ISDEEMEDPOSITIVE>No</ISDEEMEDPOSITIVE>
<LEDGERFROMITEM>No</LEDGERFROMITEM>
<LEDGERNAME>SHORT AND EXCESS</LEDGERNAME>
<AMOUNT>0.000</AMOUNT>
</ALLLEDGERENTRIES.LIST>
</VOUCHER>
<VOUCHER>
<ISOPTIONAL>No</ISOPTIONAL>
<USEFORGAINLOSS>No</USEFORGAINLOSS>
<USEFORCOMPOUND>No</USEFORCOMPOUND>
<VOUCHERTYPENAME>Sales-Export-CFSM</VOUCHERTYPENAME>
<DATE>20200205</DATE>
<EFFECTIVEDATE>20200205</EFFECTIVEDATE>
<ISCANCELLED>No</ISCANCELLED>
<USETRACKINGNUMBER>No</USETRACKINGNUMBER>
<ISPOSTDATED>No</ISPOSTDATED>
<ISINVOICE>No</ISINVOICE>
<DIFFACTUALQTY>No</DIFFACTUALQTY>
<VOUCHERNUMBER>ALSE005396/19-20</VOUCHERNUMBER>
<PARTYLEDGERNAME>V. Arjoon Shipping Pvt Limited-Export</PARTYLEDGERNAME>
<STATENAME>Maharashtra</STATENAME>
<NARRATION>Being amount debited toward export, Shipping Bill No: 9975292, Exporter: MOLVIZADAH SONS INDIA PVT LTD, Invoice No: ALSE005396/19-20</NARRATION>
<PARTYGSTIN>27AABCV9048H2ZZ</PARTYGSTIN>
<ALLLEDGERENTRIES.LIST>
<REMOVEZEROENTRIES>No</REMOVEZEROENTRIES>
<ISDEEMEDPOSITIVE>Yes</ISDEEMEDPOSITIVE>
<LEDGERFROMITEM>No</LEDGERFROMITEM>
<LEDGERNAME>V. Arjoon Shipping Pvt Limited-Export</LEDGERNAME>
<AMOUNT>-12980.000</AMOUNT>
<BILLALLOCATIONS.LIST>
<NAME>ALSE005396/19-20</NAME>
<BILLCREDITPERIOD>15 Days</BILLCREDITPERIOD>
<BILLTYPE>New Ref</BILLTYPE>
<AMOUNT>-12980.000</AMOUNT>
</BILLALLOCATIONS.LIST>
</ALLLEDGERENTRIES.LIST>
<ALLLEDGERENTRIES.LIST>
<REMOVEZEROENTRIES>No</REMOVEZEROENTRIES>
<ISDEEMEDPOSITIVE>No</ISDEEMEDPOSITIVE>
<LEDGERFROMITEM>No</LEDGERFROMITEM>
<LEDGERNAME>Container Handling Services-Export-GST</LEDGERNAME>
<AMOUNT>3000.000</AMOUNT>
</ALLLEDGERENTRIES.LIST>
<ALLLEDGERENTRIES.LIST>
<REMOVEZEROENTRIES>No</REMOVEZEROENTRIES>
<ISDEEMEDPOSITIVE>No</ISDEEMEDPOSITIVE>
<LEDGERFROMITEM>No</LEDGERFROMITEM>
<LEDGERNAME>CGST</LEDGERNAME>
<AMOUNT>270.000000000</AMOUNT>
</ALLLEDGERENTRIES.LIST>
<ALLLEDGERENTRIES.LIST>
<REMOVEZEROENTRIES>No</REMOVEZEROENTRIES>
<ISDEEMEDPOSITIVE>No</ISDEEMEDPOSITIVE>
<LEDGERFROMITEM>No</LEDGERFROMITEM>
<LEDGERNAME>SGST</LEDGERNAME>
<AMOUNT>270.000000000</AMOUNT>
</ALLLEDGERENTRIES.LIST>
<ALLLEDGERENTRIES.LIST>
<REMOVEZEROENTRIES>No</REMOVEZEROENTRIES>
<ISDEEMEDPOSITIVE>No</ISDEEMEDPOSITIVE>
<LEDGERFROMITEM>No</LEDGERFROMITEM>
<LEDGERNAME>Container Handling Services-Export-GST</LEDGERNAME>
<AMOUNT>6500.000</AMOUNT>
</ALLLEDGERENTRIES.LIST>
<ALLLEDGERENTRIES.LIST>
<REMOVEZEROENTRIES>No</REMOVEZEROENTRIES>
<ISDEEMEDPOSITIVE>No</ISDEEMEDPOSITIVE>
<LEDGERFROMITEM>No</LEDGERFROMITEM>
<LEDGERNAME>CGST</LEDGERNAME>
<AMOUNT>585.000000000</AMOUNT>
</ALLLEDGERENTRIES.LIST>
<ALLLEDGERENTRIES.LIST>
<REMOVEZEROENTRIES>No</REMOVEZEROENTRIES>
<ISDEEMEDPOSITIVE>No</ISDEEMEDPOSITIVE>
<LEDGERFROMITEM>No</LEDGERFROMITEM>
<LEDGERNAME>SGST</LEDGERNAME>
<AMOUNT>585.000000000</AMOUNT>
</ALLLEDGERENTRIES.LIST>
<ALLLEDGERENTRIES.LIST>
<REMOVEZEROENTRIES>No</REMOVEZEROENTRIES>
<ISDEEMEDPOSITIVE>No</ISDEEMEDPOSITIVE>
<LEDGERFROMITEM>No</LEDGERFROMITEM>
<LEDGERNAME>Container Handling Services-Export-GST</LEDGERNAME>
<AMOUNT>1500.000</AMOUNT>
</ALLLEDGERENTRIES.LIST>
<ALLLEDGERENTRIES.LIST>
<REMOVEZEROENTRIES>No</REMOVEZEROENTRIES>
<ISDEEMEDPOSITIVE>No</ISDEEMEDPOSITIVE>
<LEDGERFROMITEM>No</LEDGERFROMITEM>
<LEDGERNAME>CGST</LEDGERNAME>
<AMOUNT>135.000000000</AMOUNT>
</ALLLEDGERENTRIES.LIST>
<ALLLEDGERENTRIES.LIST>
<REMOVEZEROENTRIES>No</REMOVEZEROENTRIES>
<ISDEEMEDPOSITIVE>No</ISDEEMEDPOSITIVE>
<LEDGERFROMITEM>No</LEDGERFROMITEM>
<LEDGERNAME>SGST</LEDGERNAME>
<AMOUNT>135.000000000</AMOUNT>
</ALLLEDGERENTRIES.LIST>
<ALLLEDGERENTRIES.LIST>
<REMOVEZEROENTRIES>No</REMOVEZEROENTRIES>
<ISDEEMEDPOSITIVE>No</ISDEEMEDPOSITIVE>
<LEDGERFROMITEM>No</LEDGERFROMITEM>
<LEDGERNAME>SHORT AND EXCESS</LEDGERNAME>
<AMOUNT>0.000</AMOUNT>
</ALLLEDGERENTRIES.LIST>
</VOUCHER>
<VOUCHER>
<ISOPTIONAL>No</ISOPTIONAL>
<USEFORGAINLOSS>No</USEFORGAINLOSS>
<USEFORCOMPOUND>No</USEFORCOMPOUND>
<VOUCHERTYPENAME>Sales-Export-CFSM</VOUCHERTYPENAME>
<DATE>20200205</DATE>
<EFFECTIVEDATE>20200205</EFFECTIVEDATE>
<ISCANCELLED>No</ISCANCELLED>
<USETRACKINGNUMBER>No</USETRACKINGNUMBER>
<ISPOSTDATED>No</ISPOSTDATED>
<ISINVOICE>No</ISINVOICE>
<DIFFACTUALQTY>No</DIFFACTUALQTY>
<VOUCHERNUMBER>ALSE005397/19-20</VOUCHERNUMBER>
<PARTYLEDGERNAME>TEAMWORK GLOBAL LOGISTICS</PARTYLEDGERNAME>
<STATENAME>Maharashtra</STATENAME>
<NARRATION>Being amount debited toward export, Shipping Bill No: 9830625, Exporter: ALPHA CHEMICALS PVT LTD, Invoice No: ALSE005397/19-20</NARRATION>
<PARTYGSTIN>27AAKFT0230H1ZD</PARTYGSTIN>
<ALLLEDGERENTRIES.LIST>
<REMOVEZEROENTRIES>No</REMOVEZEROENTRIES>
<ISDEEMEDPOSITIVE>Yes</ISDEEMEDPOSITIVE>
<LEDGERFROMITEM>No</LEDGERFROMITEM>
<LEDGERNAME>TEAMWORK GLOBAL LOGISTICS</LEDGERNAME>
<AMOUNT>-21270.000</AMOUNT>
<BILLALLOCATIONS.LIST>
<NAME>ALSE005397/19-20</NAME>
<BILLCREDITPERIOD>10 Days</BILLCREDITPERIOD>
<BILLTYPE>New Ref</BILLTYPE>
<AMOUNT>-21270.000</AMOUNT>
</BILLALLOCATIONS.LIST>
</ALLLEDGERENTRIES.LIST>
<ALLLEDGERENTRIES.LIST>
<REMOVEZEROENTRIES>No</REMOVEZEROENTRIES>
<ISDEEMEDPOSITIVE>No</ISDEEMEDPOSITIVE>
<LEDGERFROMITEM>No</LEDGERFROMITEM>
<LEDGERNAME>Container Handling Services-Export-GST</LEDGERNAME>
<AMOUNT>1500.000</AMOUNT>
</ALLLEDGERENTRIES.LIST>
<ALLLEDGERENTRIES.LIST>
<REMOVEZEROENTRIES>No</REMOVEZEROENTRIES>
<ISDEEMEDPOSITIVE>No</ISDEEMEDPOSITIVE>
<LEDGERFROMITEM>No</LEDGERFROMITEM>
<LEDGERNAME>CGST</LEDGERNAME>
<AMOUNT>135.000000000</AMOUNT>
</ALLLEDGERENTRIES.LIST>
<ALLLEDGERENTRIES.LIST>
<REMOVEZEROENTRIES>No</REMOVEZEROENTRIES>
<ISDEEMEDPOSITIVE>No</ISDEEMEDPOSITIVE>
<LEDGERFROMITEM>No</LEDGERFROMITEM>
<LEDGERNAME>SGST</LEDGERNAME>
<AMOUNT>135.000000000</AMOUNT>
</ALLLEDGERENTRIES.LIST>
<ALLLEDGERENTRIES.LIST>
<REMOVEZEROENTRIES>No</REMOVEZEROENTRIES>
<ISDEEMEDPOSITIVE>No</ISDEEMEDPOSITIVE>
<LEDGERFROMITEM>No</LEDGERFROMITEM>
<LEDGERNAME>Container Handling Services-Export-GST</LEDGERNAME>
<AMOUNT>5000.000</AMOUNT>
</ALLLEDGERENTRIES.LIST>
<ALLLEDGERENTRIES.LIST>
<REMOVEZEROENTRIES>No</REMOVEZEROENTRIES>
<ISDEEMEDPOSITIVE>No</ISDEEMEDPOSITIVE>
<LEDGERFROMITEM>No</LEDGERFROMITEM>
<LEDGERNAME>CGST</LEDGERNAME>
<AMOUNT>450.000000000</AMOUNT>
</ALLLEDGERENTRIES.LIST>
<ALLLEDGERENTRIES.LIST>
<REMOVEZEROENTRIES>No</REMOVEZEROENTRIES>
<ISDEEMEDPOSITIVE>No</ISDEEMEDPOSITIVE>
<LEDGERFROMITEM>No</LEDGERFROMITEM>
<LEDGERNAME>SGST</LEDGERNAME>
<AMOUNT>450.000000000</AMOUNT>
</ALLLEDGERENTRIES.LIST>
<ALLLEDGERENTRIES.LIST>
<REMOVEZEROENTRIES>No</REMOVEZEROENTRIES>
<ISDEEMEDPOSITIVE>No</ISDEEMEDPOSITIVE>
<LEDGERFROMITEM>No</LEDGERFROMITEM>
<LEDGERNAME>Other Storage and Warehousing Services-Export-GST</LEDGERNAME>
<AMOUNT>225.000</AMOUNT>
</ALLLEDGERENTRIES.LIST>
<ALLLEDGERENTRIES.LIST>
<REMOVEZEROENTRIES>No</REMOVEZEROENTRIES>
<ISDEEMEDPOSITIVE>No</ISDEEMEDPOSITIVE>
<LEDGERFROMITEM>No</LEDGERFROMITEM>
<LEDGERNAME>CGST</LEDGERNAME>
<AMOUNT>20.250000000</AMOUNT>
</ALLLEDGERENTRIES.LIST>
<ALLLEDGERENTRIES.LIST>
<REMOVEZEROENTRIES>No</REMOVEZEROENTRIES>
<ISDEEMEDPOSITIVE>No</ISDEEMEDPOSITIVE>
<LEDGERFROMITEM>No</LEDGERFROMITEM>
<LEDGERNAME>SGST</LEDGERNAME>
<AMOUNT>20.250000000</AMOUNT>
</ALLLEDGERENTRIES.LIST>
<ALLLEDGERENTRIES.LIST>
<REMOVEZEROENTRIES>No</REMOVEZEROENTRIES>
<ISDEEMEDPOSITIVE>No</ISDEEMEDPOSITIVE>
<LEDGERFROMITEM>No</LEDGERFROMITEM>
<LEDGERNAME>Container Handling Services-Export-GST</LEDGERNAME>
<AMOUNT>1700.000</AMOUNT>
</ALLLEDGERENTRIES.LIST>
<ALLLEDGERENTRIES.LIST>
<REMOVEZEROENTRIES>No</REMOVEZEROENTRIES>
<ISDEEMEDPOSITIVE>No</ISDEEMEDPOSITIVE>
<LEDGERFROMITEM>No</LEDGERFROMITEM>
<LEDGERNAME>CGST</LEDGERNAME>
<AMOUNT>153.000000000</AMOUNT>
</ALLLEDGERENTRIES.LIST>
<ALLLEDGERENTRIES.LIST>
<REMOVEZEROENTRIES>No</REMOVEZEROENTRIES>
<ISDEEMEDPOSITIVE>No</ISDEEMEDPOSITIVE>
<LEDGERFROMITEM>No</LEDGERFROMITEM>
<LEDGERNAME>SGST</LEDGERNAME>
<AMOUNT>153.000000000</AMOUNT>
</ALLLEDGERENTRIES.LIST>
<ALLLEDGERENTRIES.LIST>
<REMOVEZEROENTRIES>No</REMOVEZEROENTRIES>
<ISDEEMEDPOSITIVE>No</ISDEEMEDPOSITIVE>
<LEDGERFROMITEM>No</LEDGERFROMITEM>
<LEDGERNAME>Container Handling Services-Export-GST</LEDGERNAME>
<AMOUNT>9600.000</AMOUNT>
</ALLLEDGERENTRIES.LIST>
<ALLLEDGERENTRIES.LIST>
<REMOVEZEROENTRIES>No</REMOVEZEROENTRIES>
<ISDEEMEDPOSITIVE>No</ISDEEMEDPOSITIVE>
<LEDGERFROMITEM>No</LEDGERFROMITEM>
<LEDGERNAME>CGST</LEDGERNAME>
<AMOUNT>864.000000000</AMOUNT>
</ALLLEDGERENTRIES.LIST>
<ALLLEDGERENTRIES.LIST>
<REMOVEZEROENTRIES>No</REMOVEZEROENTRIES>
<ISDEEMEDPOSITIVE>No</ISDEEMEDPOSITIVE>
<LEDGERFROMITEM>No</LEDGERFROMITEM>
<LEDGERNAME>SGST</LEDGERNAME>
<AMOUNT>864.000000000</AMOUNT>
</ALLLEDGERENTRIES.LIST>
<ALLLEDGERENTRIES.LIST>
<REMOVEZEROENTRIES>No</REMOVEZEROENTRIES>
<ISDEEMEDPOSITIVE>No</ISDEEMEDPOSITIVE>
<LEDGERFROMITEM>No</LEDGERFROMITEM>
<LEDGERNAME>SHORT AND EXCESS</LEDGERNAME>
<AMOUNT>0.500</AMOUNT>
</ALLLEDGERENTRIES.LIST>
</VOUCHER>
<VOUCHER>
<ISOPTIONAL>No</ISOPTIONAL>
<USEFORGAINLOSS>No</USEFORGAINLOSS>
<USEFORCOMPOUND>No</USEFORCOMPOUND>
<VOUCHERTYPENAME>Sales-Export-CFSM</VOUCHERTYPENAME>
<DATE>20200205</DATE>
<EFFECTIVEDATE>20200205</EFFECTIVEDATE>
<ISCANCELLED>No</ISCANCELLED>
<USETRACKINGNUMBER>No</USETRACKINGNUMBER>
<ISPOSTDATED>No</ISPOSTDATED>
<ISINVOICE>No</ISINVOICE>
<DIFFACTUALQTY>No</DIFFACTUALQTY>
<VOUCHERNUMBER>ALSE005398/19-20</VOUCHERNUMBER>
<PARTYLEDGERNAME>Doff Logistics Private Limited(Exports)</PARTYLEDGERNAME>
<STATENAME>Maharashtra</STATENAME>
<NARRATION>Being amount debited toward export, Shipping Bill No: 1001685, Exporter: SRI VIJAYALAKSHMI AGARBATHI WORKS, Invoice No: ALSE005398/19-20</NARRATION>
<PARTYGSTIN>27AABCD4668D1ZQ</PARTYGSTIN>
<ALLLEDGERENTRIES.LIST>
<REMOVEZEROENTRIES>No</REMOVEZEROENTRIES>
<ISDEEMEDPOSITIVE>Yes</ISDEEMEDPOSITIVE>
<LEDGERFROMITEM>No</LEDGERFROMITEM>
<LEDGERNAME>Doff Logistics Private Limited(Exports)</LEDGERNAME>
<AMOUNT>-13924.000</AMOUNT>
<BILLALLOCATIONS.LIST>
<NAME>ALSE005398/19-20</NAME>
<BILLCREDITPERIOD>15 Days</BILLCREDITPERIOD>
<BILLTYPE>New Ref</BILLTYPE>
<AMOUNT>-13924.000</AMOUNT>
</BILLALLOCATIONS.LIST>
</ALLLEDGERENTRIES.LIST>
<ALLLEDGERENTRIES.LIST>
<REMOVEZEROENTRIES>No</REMOVEZEROENTRIES>
<ISDEEMEDPOSITIVE>No</ISDEEMEDPOSITIVE>
<LEDGERFROMITEM>No</LEDGERFROMITEM>
<LEDGERNAME>Container Handling Services-Export-GST</LEDGERNAME>
<AMOUNT>3000.000</AMOUNT>
</ALLLEDGERENTRIES.LIST>
<ALLLEDGERENTRIES.LIST>
<REMOVEZEROENTRIES>No</REMOVEZEROENTRIES>
<ISDEEMEDPOSITIVE>No</ISDEEMEDPOSITIVE>
<LEDGERFROMITEM>No</LEDGERFROMITEM>
<LEDGERNAME>CGST</LEDGERNAME>
<AMOUNT>270.000000000</AMOUNT>
</ALLLEDGERENTRIES.LIST>
<ALLLEDGERENTRIES.LIST>
<REMOVEZEROENTRIES>No</REMOVEZEROENTRIES>
<ISDEEMEDPOSITIVE>No</ISDEEMEDPOSITIVE>
<LEDGERFROMITEM>No</LEDGERFROMITEM>
<LEDGERNAME>SGST</LEDGERNAME>
<AMOUNT>270.000000000</AMOUNT>
</ALLLEDGERENTRIES.LIST>
<ALLLEDGERENTRIES.LIST>
<REMOVEZEROENTRIES>No</REMOVEZEROENTRIES>
<ISDEEMEDPOSITIVE>No</ISDEEMEDPOSITIVE>
<LEDGERFROMITEM>No</LEDGERFROMITEM>
<LEDGERNAME>Container Handling Services-Export-GST</LEDGERNAME>
<AMOUNT>6500.000</AMOUNT>
</ALLLEDGERENTRIES.LIST>
<ALLLEDGERENTRIES.LIST>
<REMOVEZEROENTRIES>No</REMOVEZEROENTRIES>
<ISDEEMEDPOSITIVE>No</ISDEEMEDPOSITIVE>
<LEDGERFROMITEM>No</LEDGERFROMITEM>
<LEDGERNAME>CGST</LEDGERNAME>
<AMOUNT>585.000000000</AMOUNT>
</ALLLEDGERENTRIES.LIST>
<ALLLEDGERENTRIES.LIST>
<REMOVEZEROENTRIES>No</REMOVEZEROENTRIES>
<ISDEEMEDPOSITIVE>No</ISDEEMEDPOSITIVE>
<LEDGERFROMITEM>No</LEDGERFROMITEM>
<LEDGERNAME>SGST</LEDGERNAME>
<AMOUNT>585.000000000</AMOUNT>
</ALLLEDGERENTRIES.LIST>
<ALLLEDGERENTRIES.LIST>
<REMOVEZEROENTRIES>No</REMOVEZEROENTRIES>
<ISDEEMEDPOSITIVE>No</ISDEEMEDPOSITIVE>
<LEDGERFROMITEM>No</LEDGERFROMITEM>
<LEDGERNAME>Container Handling Services-Export-GST</LEDGERNAME>
<AMOUNT>2300.000</AMOUNT>
</ALLLEDGERENTRIES.LIST>
<ALLLEDGERENTRIES.LIST>
<REMOVEZEROENTRIES>No</REMOVEZEROENTRIES>
<ISDEEMEDPOSITIVE>No</ISDEEMEDPOSITIVE>
<LEDGERFROMITEM>No</LEDGERFROMITEM>
<LEDGERNAME>CGST</LEDGERNAME>
<AMOUNT>207.000000000</AMOUNT>
</ALLLEDGERENTRIES.LIST>
<ALLLEDGERENTRIES.LIST>
<REMOVEZEROENTRIES>No</REMOVEZEROENTRIES>
<ISDEEMEDPOSITIVE>No</ISDEEMEDPOSITIVE>
<LEDGERFROMITEM>No</LEDGERFROMITEM>
<LEDGERNAME>SGST</LEDGERNAME>
<AMOUNT>207.000000000</AMOUNT>
</ALLLEDGERENTRIES.LIST>
<ALLLEDGERENTRIES.LIST>
<REMOVEZEROENTRIES>No</REMOVEZEROENTRIES>
<ISDEEMEDPOSITIVE>No</ISDEEMEDPOSITIVE>
<LEDGERFROMITEM>No</LEDGERFROMITEM>
<LEDGERNAME>SHORT AND EXCESS</LEDGERNAME>
<AMOUNT>0.000</AMOUNT>
</ALLLEDGERENTRIES.LIST>
</VOUCHER>
<VOUCHER>
<ISOPTIONAL>No</ISOPTIONAL>
<USEFORGAINLOSS>No</USEFORGAINLOSS>
<USEFORCOMPOUND>No</USEFORCOMPOUND>
<VOUCHERTYPENAME>Sales-Export-CFSM</VOUCHERTYPENAME>
<DATE>20200205</DATE>
<EFFECTIVEDATE>20200205</EFFECTIVEDATE>
<ISCANCELLED>No</ISCANCELLED>
<USETRACKINGNUMBER>No</USETRACKINGNUMBER>
<ISPOSTDATED>No</ISPOSTDATED>
<ISINVOICE>No</ISINVOICE>
<DIFFACTUALQTY>No</DIFFACTUALQTY>
<VOUCHERNUMBER>ALSE005399/19-20</VOUCHERNUMBER>
<PARTYLEDGERNAME>Krishna Trading Agency</PARTYLEDGERNAME>
<STATENAME>Maharashtra</STATENAME>
<NARRATION>Being amount debited toward export, Shipping Bill No: 1024426, Exporter: ANOTHER EXPORT COMPANY, Invoice No: ALSE005399/19-20</NARRATION>
<PARTYGSTIN>27AAEFK6720D1ZL</PARTYGSTIN>
<ALLLEDGERENTRIES.LIST>
<REMOVEZEROENTRIES>No</REMOVEZEROENTRIES>
<ISDEEMEDPOSITIVE>Yes</ISDEEMEDPOSITIVE>
<LEDGERFROMITEM>No</LEDGERFROMITEM>
<LEDGERNAME>Krishna Trading Agency</LEDGERNAME>
<AMOUNT>-15576.000</AMOUNT>
<BILLALLOCATIONS.LIST>
<NAME>ALSE005399/19-20</NAME>
<BILLCREDITPERIOD>0 Days</BILLCREDITPERIOD>
<BILLTYPE>New Ref</BILLTYPE>
<AMOUNT>-15576.000</AMOUNT>
</BILLALLOCATIONS.LIST>
</ALLLEDGERENTRIES.LIST>
<ALLLEDGERENTRIES.LIST>
<REMOVEZEROENTRIES>No</REMOVEZEROENTRIES>
<ISDEEMEDPOSITIVE>No</ISDEEMEDPOSITIVE>
<LEDGERFROMITEM>No</LEDGERFROMITEM>
<LEDGERNAME>Container Handling Services-Export-GST</LEDGERNAME>
<AMOUNT>3000.000</AMOUNT>
</ALLLEDGERENTRIES.LIST>
<ALLLEDGERENTRIES.LIST>
<REMOVEZEROENTRIES>No</REMOVEZEROENTRIES>
<ISDEEMEDPOSITIVE>No</ISDEEMEDPOSITIVE>
<LEDGERFROMITEM>No</LEDGERFROMITEM>
<LEDGERNAME>CGST</LEDGERNAME>
<AMOUNT>270.000000000</AMOUNT>
</ALLLEDGERENTRIES.LIST>
<ALLLEDGERENTRIES.LIST>
<REMOVEZEROENTRIES>No</REMOVEZEROENTRIES>
<ISDEEMEDPOSITIVE>No</ISDEEMEDPOSITIVE>
<LEDGERFROMITEM>No</LEDGERFROMITEM>
<LEDGERNAME>SGST</LEDGERNAME>
<AMOUNT>270.000000000</AMOUNT>
</ALLLEDGERENTRIES.LIST>
<ALLLEDGERENTRIES.LIST>
<REMOVEZEROENTRIES>No</REMOVEZEROENTRIES>
<ISDEEMEDPOSITIVE>No</ISDEEMEDPOSITIVE>
<LEDGERFROMITEM>No</LEDGERFROMITEM>
<LEDGERNAME>Container Handling Services-Export-GST</LEDGERNAME>
<AMOUNT>6500.000</AMOUNT>
</ALLLEDGERENTRIES.LIST>
<ALLLEDGERENTRIES.LIST>
<REMOVEZEROENTRIES>No</REMOVEZEROENTRIES>
<ISDEEMEDPOSITIVE>No</ISDEEMEDPOSITIVE>
<LEDGERFROMITEM>No</LEDGERFROMITEM>
<LEDGERNAME>CGST</LEDGERNAME>
<AMOUNT>585.000000000</AMOUNT>
</ALLLEDGERENTRIES.LIST>
<ALLLEDGERENTRIES.LIST>
<REMOVEZEROENTRIES>No</REMOVEZEROENTRIES>
<ISDEEMEDPOSITIVE>No</ISDEEMEDPOSITIVE>
<LEDGERFROMITEM>No</LEDGERFROMITEM>
<LEDGERNAME>SGST</LEDGERNAME>
<AMOUNT>585.000000000</AMOUNT>
</ALLLEDGERENTRIES.LIST>
<ALLLEDGERENTRIES.LIST>
<REMOVEZEROENTRIES>No</REMOVEZEROENTRIES>
<ISDEEMEDPOSITIVE>No</ISDEEMEDPOSITIVE>
<LEDGERFROMITEM>No</LEDGERFROMITEM>
<LEDGERNAME>Container Handling Services-Export-GST</LEDGERNAME>
<AMOUNT>2500.000</AMOUNT>
</ALLLEDGERENTRIES.LIST>
<ALLLEDGERENTRIES.LIST>
<REMOVEZEROENTRIES>No</REMOVEZEROENTRIES>
<ISDEEMEDPOSITIVE>No</ISDEEMEDPOSITIVE>
<LEDGERFROMITEM>No</LEDGERFROMITEM>
<LEDGERNAME>CGST</LEDGERNAME>
<AMOUNT>225.000000000</AMOUNT>
</ALLLEDGERENTRIES.LIST>
<ALLLEDGERENTRIES.LIST>
<REMOVEZEROENTRIES>No</REMOVEZEROENTRIES>
<ISDEEMEDPOSITIVE>No</ISDEEMEDPOSITIVE>
<LEDGERFROMITEM>No</LEDGERFROMITEM>
<LEDGERNAME>SGST</LEDGERNAME>
<AMOUNT>225.000000000</AMOUNT>
</ALLLEDGERENTRIES.LIST>
<ALLLEDGERENTRIES.LIST>
<REMOVEZEROENTRIES>No</REMOVEZEROENTRIES>
<ISDEEMEDPOSITIVE>No</ISDEEMEDPOSITIVE>
<LEDGERFROMITEM>No</LEDGERFROMITEM>
<LEDGERNAME>Container Handling Services-Export-GST</LEDGERNAME>
<AMOUNT>1200.000</AMOUNT>
</ALLLEDGERENTRIES.LIST>
<ALLLEDGERENTRIES.LIST>
<REMOVEZEROENTRIES>No</REMOVEZEROENTRIES>
<ISDEEMEDPOSITIVE>No</ISDEEMEDPOSITIVE>
<LEDGERFROMITEM>No</LEDGERFROMITEM>
<LEDGERNAME>CGST</LEDGERNAME>
<AMOUNT>108.000000000</AMOUNT>
</ALLLEDGERENTRIES.LIST>
<ALLLEDGERENTRIES.LIST>
<REMOVEZEROENTRIES>No</REMOVEZEROENTRIES>
<ISDEEMEDPOSITIVE>No</ISDEEMEDPOSITIVE>
<LEDGERFROMITEM>No</LEDGERFROMITEM>
<LEDGERNAME>SGST</LEDGERNAME>
<AMOUNT>108.000000000</AMOUNT>
</ALLLEDGERENTRIES.LIST>
<ALLLEDGERENTRIES.LIST>
<REMOVEZEROENTRIES>No</REMOVEZEROENTRIES>
<ISDEEMEDPOSITIVE>No</ISDEEMEDPOSITIVE>
<LEDGERFROMITEM>No</LEDGERFROMITEM>
<LEDGERNAME>SHORT AND EXCESS</LEDGERNAME>
<AMOUNT>0.000</AMOUNT>
</ALLLEDGERENTRIES.LIST>
</VOUCHER>
<VOUCHER>
<ISOPTIONAL>No</ISOPTIONAL>
<USEFORGAINLOSS>No</USEFORGAINLOSS>
<USEFORCOMPOUND>No</USEFORCOMPOUND>
<VOUCHERTYPENAME>Sales-Export-CFSM</VOUCHERTYPENAME>
<DATE>20200205</DATE>
<EFFECTIVEDATE>20200205</EFFECTIVEDATE>
<ISCANCELLED>No</ISCANCELLED>
<USETRACKINGNUMBER>No</USETRACKINGNUMBER>
<ISPOSTDATED>No</ISPOSTDATED>
<ISINVOICE>No</ISINVOICE>
<DIFFACTUALQTY>No</DIFFACTUALQTY>
<VOUCHERNUMBER>ALSE005400/19-20</VOUCHERNUMBER>
<PARTYLEDGERNAME>TEAMWORK GLOBAL LOGISTICS</PARTYLEDGERNAME>
<STATENAME>Maharashtra</STATENAME>
<NARRATION>Being amount debited toward export, Shipping Bill No: 9936310, Exporter: ALPHA CHEMICALS PVT LTD, Invoice No: ALSE005400/19-20</NARRATION>
<PARTYGSTIN>27AAKFT0230H1ZD</PARTYGSTIN>
<ALLLEDGERENTRIES.LIST>
<REMOVEZEROENTRIES>No</REMOVEZEROENTRIES>
<ISDEEMEDPOSITIVE>Yes</ISDEEMEDPOSITIVE>
<LEDGERFROMITEM>No</LEDGERFROMITEM>
<LEDGERNAME>TEAMWORK GLOBAL LOGISTICS</LEDGERNAME>
<AMOUNT>-27524.000</AMOUNT>
<BILLALLOCATIONS.LIST>
<NAME>ALSE005400/19-20</NAME>
<BILLCREDITPERIOD>10 Days</BILLCREDITPERIOD>
<BILLTYPE>New Ref</BILLTYPE>
<AMOUNT>-27524.000</AMOUNT>
</BILLALLOCATIONS.LIST>
</ALLLEDGERENTRIES.LIST>
<ALLLEDGERENTRIES.LIST>
<REMOVEZEROENTRIES>No</REMOVEZEROENTRIES>
<ISDEEMEDPOSITIVE>No</ISDEEMEDPOSITIVE>
<LEDGERFROMITEM>No</LEDGERFROMITEM>
<LEDGERNAME>Container Handling Services-Export-GST</LEDGERNAME>
<AMOUNT>3500.000</AMOUNT>
</ALLLEDGERENTRIES.LIST>
<ALLLEDGERENTRIES.LIST>
<REMOVEZEROENTRIES>No</REMOVEZEROENTRIES>
<ISDEEMEDPOSITIVE>No</ISDEEMEDPOSITIVE>
<LEDGERFROMITEM>No</LEDGERFROMITEM>
<LEDGERNAME>CGST</LEDGERNAME>
<AMOUNT>315.000000000</AMOUNT>
</ALLLEDGERENTRIES.LIST>
<ALLLEDGERENTRIES.LIST>
<REMOVEZEROENTRIES>No</REMOVEZEROENTRIES>
<ISDEEMEDPOSITIVE>No</ISDEEMEDPOSITIVE>
<LEDGERFROMITEM>No</LEDGERFROMITEM>
<LEDGERNAME>SGST</LEDGERNAME>
<AMOUNT>315.000000000</AMOUNT>
</ALLLEDGERENTRIES.LIST>
<ALLLEDGERENTRIES.LIST>
<REMOVEZEROENTRIES>No</REMOVEZEROENTRIES>
<ISDEEMEDPOSITIVE>No</ISDEEMEDPOSITIVE>
<LEDGERFROMITEM>No</LEDGERFROMITEM>
<LEDGERNAME>Container Handling Services-Export-GST</LEDGERNAME>
<AMOUNT>1500.000</AMOUNT>
</ALLLEDGERENTRIES.LIST>
<ALLLEDGERENTRIES.LIST>
<REMOVEZEROENTRIES>No</REMOVEZEROENTRIES>
<ISDEEMEDPOSITIVE>No</ISDEEMEDPOSITIVE>
<LEDGERFROMITEM>No</LEDGERFROMITEM>
<LEDGERNAME>CGST</LEDGERNAME>
<AMOUNT>135.000000000</AMOUNT>
</ALLLEDGERENTRIES.LIST>
<ALLLEDGERENTRIES.LIST>
<REMOVEZEROENTRIES>No</REMOVEZEROENTRIES>
<ISDEEMEDPOSITIVE>No</ISDEEMEDPOSITIVE>
<LEDGERFROMITEM>No</LEDGERFROMITEM>
<LEDGERNAME>SGST</LEDGERNAME>
<AMOUNT>135.000000000</AMOUNT>
</ALLLEDGERENTRIES.LIST>
<ALLLEDGERENTRIES.LIST>
<REMOVEZEROENTRIES>No</REMOVEZEROENTRIES>
<ISDEEMEDPOSITIVE>No</ISDEEMEDPOSITIVE>
<LEDGERFROMITEM>No</LEDGERFROMITEM>
<LEDGERNAME>Container Handling Services-Export-GST</LEDGERNAME>
<AMOUNT>5000.000</AMOUNT>
</ALLLEDGERENTRIES.LIST>
<ALLLEDGERENTRIES.LIST>
<REMOVEZEROENTRIES>No</REMOVEZEROENTRIES>
<ISDEEMEDPOSITIVE>No</ISDEEMEDPOSITIVE>
<LEDGERFROMITEM>No</LEDGERFROMITEM>
<LEDGERNAME>CGST</LEDGERNAME>
<AMOUNT>450.000000000</AMOUNT>
</ALLLEDGERENTRIES.LIST>
<ALLLEDGERENTRIES.LIST>
<REMOVEZEROENTRIES>No</REMOVEZEROENTRIES>
<ISDEEMEDPOSITIVE>No</ISDEEMEDPOSITIVE>
<LEDGERFROMITEM>No</LEDGERFROMITEM>
<LEDGERNAME>SGST</LEDGERNAME>
<AMOUNT>450.000000000</AMOUNT>
</ALLLEDGERENTRIES.LIST>
<ALLLEDGERENTRIES.LIST>
<REMOVEZEROENTRIES>No</REMOVEZEROENTRIES>
<ISDEEMEDPOSITIVE>No</ISDEEMEDPOSITIVE>
<LEDGERFROMITEM>No</LEDGERFROMITEM>
<LEDGERNAME>Other Storage and Warehousing Services-Export-GST</LEDGERNAME>
<AMOUNT>225.000</AMOUNT>
</ALLLEDGERENTRIES.LIST>
<ALLLEDGERENTRIES.LIST>
<REMOVEZEROENTRIES>No</REMOVEZEROENTRIES>
<ISDEEMEDPOSITIVE>No</ISDEEMEDPOSITIVE>
<LEDGERFROMITEM>No</LEDGERFROMITEM>
<LEDGERNAME>CGST</LEDGERNAME>
<AMOUNT>20.250000000</AMOUNT>
</ALLLEDGERENTRIES.LIST>
<ALLLEDGERENTRIES.LIST>
<REMOVEZEROENTRIES>No</REMOVEZEROENTRIES>
<ISDEEMEDPOSITIVE>No</ISDEEMEDPOSITIVE>
<LEDGERFROMITEM>No</LEDGERFROMITEM>
<LEDGERNAME>SGST</LEDGERNAME>
<AMOUNT>20.250000000</AMOUNT>
</ALLLEDGERENTRIES.LIST>
<ALLLEDGERENTRIES.LIST>
<REMOVEZEROENTRIES>No</REMOVEZEROENTRIES>
<ISDEEMEDPOSITIVE>No</ISDEEMEDPOSITIVE>
<LEDGERFROMITEM>No</LEDGERFROMITEM>
<LEDGERNAME>Container Handling Services-Export-GST</LEDGERNAME>
<AMOUNT>1800.000</AMOUNT>
</ALLLEDGERENTRIES.LIST>
<ALLLEDGERENTRIES.LIST>
<REMOVEZEROENTRIES>No</REMOVEZEROENTRIES>
<ISDEEMEDPOSITIVE>No</ISDEEMEDPOSITIVE>
<LEDGERFROMITEM>No</LEDGERFROMITEM>
<LEDGERNAME>CGST</LEDGERNAME>
<AMOUNT>162.000000000</AMOUNT>
</ALLLEDGERENTRIES.LIST>
<ALLLEDGERENTRIES.LIST>
<REMOVEZEROENTRIES>No</REMOVEZEROENTRIES>
<ISDEEMEDPOSITIVE>No</ISDEEMEDPOSITIVE>
<LEDGERFROMITEM>No</LEDGERFROMITEM>
<LEDGERNAME>SGST</LEDGERNAME>
<AMOUNT>162.000000000</AMOUNT>
</ALLLEDGERENTRIES.LIST>
<ALLLEDGERENTRIES.LIST>
<REMOVEZEROENTRIES>No</REMOVEZEROENTRIES>
<ISDEEMEDPOSITIVE>No</ISDEEMEDPOSITIVE>
<LEDGERFROMITEM>No</LEDGERFROMITEM>
<LEDGERNAME>Container Handling Services-Export-GST</LEDGERNAME>
<AMOUNT>1700.000</AMOUNT>
</ALLLEDGERENTRIES.LIST>
<ALLLEDGERENTRIES.LIST>
<REMOVEZEROENTRIES>No</REMOVEZEROENTRIES>
<ISDEEMEDPOSITIVE>No</ISDEEMEDPOSITIVE>
<LEDGERFROMITEM>No</LEDGERFROMITEM>
<LEDGERNAME>CGST</LEDGERNAME>
<AMOUNT>153.000000000</AMOUNT>
</ALLLEDGERENTRIES.LIST>
<ALLLEDGERENTRIES.LIST>
<REMOVEZEROENTRIES>No</REMOVEZEROENTRIES>
<ISDEEMEDPOSITIVE>No</ISDEEMEDPOSITIVE>
<LEDGERFROMITEM>No</LEDGERFROMITEM>
<LEDGERNAME>SGST</LEDGERNAME>
<AMOUNT>153.000000000</AMOUNT>
</ALLLEDGERENTRIES.LIST>
<ALLLEDGERENTRIES.LIST>
<REMOVEZEROENTRIES>No</REMOVEZEROENTRIES>
<ISDEEMEDPOSITIVE>No</ISDEEMEDPOSITIVE>
<LEDGERFROMITEM>No</LEDGERFROMITEM>
<LEDGERNAME>Container Handling Services-Export-GST</LEDGERNAME>
<AMOUNT>9600.000</AMOUNT>
</ALLLEDGERENTRIES.LIST>
<ALLLEDGERENTRIES.LIST>
<REMOVEZEROENTRIES>No</REMOVEZEROENTRIES>
<ISDEEMEDPOSITIVE>No</ISDEEMEDPOSITIVE>
<LEDGERFROMITEM>No</LEDGERFROMITEM>
<LEDGERNAME>CGST</LEDGERNAME>
<AMOUNT>864.000000000</AMOUNT>
</ALLLEDGERENTRIES.LIST>
<ALLLEDGERENTRIES.LIST>
<REMOVEZEROENTRIES>No</REMOVEZEROENTRIES>
<ISDEEMEDPOSITIVE>No</ISDEEMEDPOSITIVE>
<LEDGERFROMITEM>No</LEDGERFROMITEM>
<LEDGERNAME>SGST</LEDGERNAME>
<AMOUNT>864.000000000</AMOUNT>
</ALLLEDGERENTRIES.LIST>
<ALLLEDGERENTRIES.LIST>
<REMOVEZEROENTRIES>No</REMOVEZEROENTRIES>
<ISDEEMEDPOSITIVE>No</ISDEEMEDPOSITIVE>
<LEDGERFROMITEM>No</LEDGERFROMITEM>
<LEDGERNAME>SHORT AND EXCESS</LEDGERNAME>
<AMOUNT>0.500</AMOUNT>
</ALLLEDGERENTRIES.LIST>
</VOUCHER>
<VOUCHER>
<ISOPTIONAL>No</ISOPTIONAL>
<USEFORGAINLOSS>No</USEFORGAINLOSS>
<USEFORCOMPOUND>No</USEFORCOMPOUND>
<VOUCHERTYPENAME>Sales-Export-CFSM</VOUCHERTYPENAME>
<DATE>20200205</DATE>
<EFFECTIVEDATE>20200205</EFFECTIVEDATE>
<ISCANCELLED>No</ISCANCELLED>
<USETRACKINGNUMBER>No</USETRACKINGNUMBER>
<ISPOSTDATED>No</ISPOSTDATED>
<ISINVOICE>No</ISINVOICE>
<DIFFACTUALQTY>No</DIFFACTUALQTY>
<VOUCHERNUMBER>ALSA001569/19-20</VOUCHERNUMBER>
<PARTYLEDGERNAME>N S BHANUSHALI AND CO.</PARTYLEDGERNAME>
<STATENAME>Maharashtra</STATENAME>
<NARRATION>Being amount debited toward export, Shipping Bill No: 9981337, Exporter: RATNARAJ FOODS, Invoice No: ALSA001569/19-20</NARRATION>
<PARTYGSTIN>27AAQPB6202R1ZB</PARTYGSTIN>
<ALLLEDGERENTRIES.LIST>
<REMOVEZEROENTRIES>No</REMOVEZEROENTRIES>
<ISDEEMEDPOSITIVE>Yes</ISDEEMEDPOSITIVE>
<LEDGERFROMITEM>No</LEDGERFROMITEM>
<LEDGERNAME>N S BHANUSHALI AND CO.</LEDGERNAME>
<AMOUNT>-70500.000</AMOUNT>
<BILLALLOCATIONS.LIST>
<NAME>ALSA001569/19-20</NAME>
<BILLCREDITPERIOD>13 Days</BILLCREDITPERIOD>
<BILLTYPE>New Ref</BILLTYPE>
<AMOUNT>-70500.000</AMOUNT>
</BILLALLOCATIONS.LIST>
</ALLLEDGERENTRIES.LIST>
<ALLLEDGERENTRIES.LIST>
<REMOVEZEROENTRIES>No</REMOVEZEROENTRIES>
<ISDEEMEDPOSITIVE>No</ISDEEMEDPOSITIVE>
<LEDGERFROMITEM>No</LEDGERFROMITEM>
<LEDGERNAME>Container Handling Services-Export-NGST</LEDGERNAME>
<AMOUNT>15000.000</AMOUNT>
</ALLLEDGERENTRIES.LIST>
<ALLLEDGERENTRIES.LIST>
<REMOVEZEROENTRIES>No</REMOVEZEROENTRIES>
<ISDEEMEDPOSITIVE>No</ISDEEMEDPOSITIVE>
<LEDGERFROMITEM>No</LEDGERFROMITEM>
<LEDGERNAME>Container Handling Services-Export-NGST</LEDGERNAME>
<AMOUNT>32500.000</AMOUNT>
</ALLLEDGERENTRIES.LIST>
<ALLLEDGERENTRIES.LIST>
<REMOVEZEROENTRIES>No</REMOVEZEROENTRIES>
<ISDEEMEDPOSITIVE>No</ISDEEMEDPOSITIVE>
<LEDGERFROMITEM>No</LEDGERFROMITEM>
<LEDGERNAME>Container Handling Services-Export-NGST</LEDGERNAME>
<AMOUNT>15500.000</AMOUNT>
</ALLLEDGERENTRIES.LIST>
<ALLLEDGERENTRIES.LIST>
<REMOVEZEROENTRIES>No</REMOVEZEROENTRIES>
<ISDEEMEDPOSITIVE>No</ISDEEMEDPOSITIVE>
<LEDGERFROMITEM>No</LEDGERFROMITEM>
<LEDGERNAME>Container Handling Services-Export-NGST</LEDGERNAME>
<AMOUNT>7500.000</AMOUNT>
</ALLLEDGERENTRIES.LIST>
<ALLLEDGERENTRIES.LIST>
<REMOVEZEROENTRIES>No</REMOVEZEROENTRIES>
<ISDEEMEDPOSITIVE>No</ISDEEMEDPOSITIVE>
<LEDGERFROMITEM>No</LEDGERFROMITEM>
<LEDGERNAME>SHORT AND EXCESS</LEDGERNAME>
<AMOUNT>0.000</AMOUNT>
</ALLLEDGERENTRIES.LIST>
</VOUCHER>
<VOUCHER>
<ISOPTIONAL>No</ISOPTIONAL>
<USEFORGAINLOSS>No</USEFORGAINLOSS>
<USEFORCOMPOUND>No</USEFORCOMPOUND>
<VOUCHERTYPENAME>Sales-Export-CFSM</VOUCHERTYPENAME>
<DATE>20200205</DATE>
<EFFECTIVEDATE>20200205</EFFECTIVEDATE>
<ISCANCELLED>No</ISCANCELLED>
<USETRACKINGNUMBER>No</USETRACKINGNUMBER>
<ISPOSTDATED>No</ISPOSTDATED>
<ISINVOICE>No</ISINVOICE>
<DIFFACTUALQTY>No</DIFFACTUALQTY>
<VOUCHERNUMBER>ALSE005401/19-20</VOUCHERNUMBER>
<PARTYLEDGERNAME>SK Shipping and Logistics</PARTYLEDGERNAME>
<STATENAME>Maharashtra</STATENAME>
<NARRATION>Being amount debited toward export, Shipping Bill No: 1011942, Exporter: JAWAHAR EXPORT, Invoice No: ALSE005401/19-20</NARRATION>
<PARTYGSTIN>27AATPB6516B2ZV</PARTYGSTIN>
<ALLLEDGERENTRIES.LIST>
<REMOVEZEROENTRIES>No</REMOVEZEROENTRIES>
<ISDEEMEDPOSITIVE>Yes</ISDEEMEDPOSITIVE>
<LEDGERFROMITEM>No</LEDGERFROMITEM>
<LEDGERNAME>SK Shipping and Logistics</LEDGERNAME>
<AMOUNT>-9440.000</AMOUNT>
<BILLALLOCATIONS.LIST>
<NAME>ALSE005401/19-20</NAME>
<BILLCREDITPERIOD>10 Days</BILLCREDITPERIOD>
<BILLTYPE>New Ref</BILLTYPE>
<AMOUNT>-9440.000</AMOUNT>
</BILLALLOCATIONS.LIST>
</ALLLEDGERENTRIES.LIST>
<ALLLEDGERENTRIES.LIST>
<REMOVEZEROENTRIES>No</REMOVEZEROENTRIES>
<ISDEEMEDPOSITIVE>No</ISDEEMEDPOSITIVE>
<LEDGERFROMITEM>No</LEDGERFROMITEM>
<LEDGERNAME>Container Handling Services-Export-GST</LEDGERNAME>
<AMOUNT>1500.000</AMOUNT>
</ALLLEDGERENTRIES.LIST>
<ALLLEDGERENTRIES.LIST>
<REMOVEZEROENTRIES>No</REMOVEZEROENTRIES>
<ISDEEMEDPOSITIVE>No</ISDEEMEDPOSITIVE>
<LEDGERFROMITEM>No</LEDGERFROMITEM>
<LEDGERNAME>CGST</LEDGERNAME>
<AMOUNT>135.000000000</AMOUNT>
</ALLLEDGERENTRIES.LIST>
<ALLLEDGERENTRIES.LIST>
<REMOVEZEROENTRIES>No</REMOVEZEROENTRIES>
<ISDEEMEDPOSITIVE>No</ISDEEMEDPOSITIVE>
<LEDGERFROMITEM>No</LEDGERFROMITEM>
<LEDGERNAME>SGST</LEDGERNAME>
<AMOUNT>135.000000000</AMOUNT>
</ALLLEDGERENTRIES.LIST>
<ALLLEDGERENTRIES.LIST>
<REMOVEZEROENTRIES>No</REMOVEZEROENTRIES>
<ISDEEMEDPOSITIVE>No</ISDEEMEDPOSITIVE>
<LEDGERFROMITEM>No</LEDGERFROMITEM>
<LEDGERNAME>Container Handling Services-Export-GST</LEDGERNAME>
<AMOUNT>5000.000</AMOUNT>
</ALLLEDGERENTRIES.LIST>
<ALLLEDGERENTRIES.LIST>
<REMOVEZEROENTRIES>No</REMOVEZEROENTRIES>
<ISDEEMEDPOSITIVE>No</ISDEEMEDPOSITIVE>
<LEDGERFROMITEM>No</LEDGERFROMITEM>
<LEDGERNAME>CGST</LEDGERNAME>
<AMOUNT>450.000000000</AMOUNT>
</ALLLEDGERENTRIES.LIST>
<ALLLEDGERENTRIES.LIST>
<REMOVEZEROENTRIES>No</REMOVEZEROENTRIES>
<ISDEEMEDPOSITIVE>No</ISDEEMEDPOSITIVE>
<LEDGERFROMITEM>No</LEDGERFROMITEM>
<LEDGERNAME>SGST</LEDGERNAME>
<AMOUNT>450.000000000</AMOUNT>
</ALLLEDGERENTRIES.LIST>
<ALLLEDGERENTRIES.LIST>
<REMOVEZEROENTRIES>No</REMOVEZEROENTRIES>
<ISDEEMEDPOSITIVE>No</ISDEEMEDPOSITIVE>
<LEDGERFROMITEM>No</LEDGERFROMITEM>
<LEDGERNAME>Container Handling Services-Export-GST</LEDGERNAME>
<AMOUNT>1500.000</AMOUNT>
</ALLLEDGERENTRIES.LIST>
<ALLLEDGERENTRIES.LIST>
<REMOVEZEROENTRIES>No</REMOVEZEROENTRIES>
<ISDEEMEDPOSITIVE>No</ISDEEMEDPOSITIVE>
<LEDGERFROMITEM>No</LEDGERFROMITEM>
<LEDGERNAME>CGST</LEDGERNAME>
<AMOUNT>135.000000000</AMOUNT>
</ALLLEDGERENTRIES.LIST>
<ALLLEDGERENTRIES.LIST>
<REMOVEZEROENTRIES>No</REMOVEZEROENTRIES>
<ISDEEMEDPOSITIVE>No</ISDEEMEDPOSITIVE>
<LEDGERFROMITEM>No</LEDGERFROMITEM>
<LEDGERNAME>SGST</LEDGERNAME>
<AMOUNT>135.000000000</AMOUNT>
</ALLLEDGERENTRIES.LIST>
<ALLLEDGERENTRIES.LIST>
<REMOVEZEROENTRIES>No</REMOVEZEROENTRIES>
<ISDEEMEDPOSITIVE>No</ISDEEMEDPOSITIVE>
<LEDGERFROMITEM>No</LEDGERFROMITEM>
<LEDGERNAME>SHORT AND EXCESS</LEDGERNAME>
<AMOUNT>0.000</AMOUNT>
</ALLLEDGERENTRIES.LIST>
</VOUCHER>
<VOUCHER>
<ISOPTIONAL>No</ISOPTIONAL>
<USEFORGAINLOSS>No</USEFORGAINLOSS>
<USEFORCOMPOUND>No</USEFORCOMPOUND>
<VOUCHERTYPENAME>Sales-Export-CFSM</VOUCHERTYPENAME>
<DATE>20200205</DATE>
<EFFECTIVEDATE>20200205</EFFECTIVEDATE>
<ISCANCELLED>No</ISCANCELLED>
<USETRACKINGNUMBER>No</USETRACKINGNUMBER>
<ISPOSTDATED>No</ISPOSTDATED>
<ISINVOICE>No</ISINVOICE>
<DIFFACTUALQTY>No</DIFFACTUALQTY>
<VOUCHERNUMBER>ALSE005402/19-20</VOUCHERNUMBER>
<PARTYLEDGERNAME>Seasure Shipping and Logistics (Export )</PARTYLEDGERNAME>
<STATENAME>Madya Pradesh</STATENAME>
<NARRATION>Being amount debited toward export, Shipping Bill No: 1022239, Exporter: KITCHEN FOODS, Invoice No: ALSE005402/19-20</NARRATION>
<PARTYGSTIN>23ABFPA4370H1Z5</PARTYGSTIN>
<ALLLEDGERENTRIES.LIST>
<REMOVEZEROENTRIES>No</REMOVEZEROENTRIES>
<ISDEEMEDPOSITIVE>Yes</ISDEEMEDPOSITIVE>
<LEDGERFROMITEM>No</LEDGERFROMITEM>
<LEDGERNAME>Seasure Shipping and Logistics (Export )</LEDGERNAME>
<AMOUNT>-17700.000</AMOUNT>
<BILLALLOCATIONS.LIST>
<NAME>ALSE005402/19-20</NAME>
<BILLCREDITPERIOD>13 Days</BILLCREDITPERIOD>
<BILLTYPE>New Ref</BILLTYPE>
<AMOUNT>-17700.000</AMOUNT>
</BILLALLOCATIONS.LIST>
</ALLLEDGERENTRIES.LIST>
<ALLLEDGERENTRIES.LIST>
<REMOVEZEROENTRIES>No</REMOVEZEROENTRIES>
<ISDEEMEDPOSITIVE>No</ISDEEMEDPOSITIVE>
<LEDGERFROMITEM>No</LEDGERFROMITEM>
<LEDGERNAME>Container Handling Services-Export-GST</LEDGERNAME>
<AMOUNT>3000.000</AMOUNT>
</ALLLEDGERENTRIES.LIST>
<ALLLEDGERENTRIES.LIST>
<REMOVEZEROENTRIES>No</REMOVEZEROENTRIES>
<ISDEEMEDPOSITIVE>No</ISDEEMEDPOSITIVE>
<LEDGERFROMITEM>No</LEDGERFROMITEM>
<LEDGERNAME>IGST</LEDGERNAME>
<AMOUNT>540.000000000</AMOUNT>
</ALLLEDGERENTRIES.LIST>
<ALLLEDGERENTRIES.LIST>
<REMOVEZEROENTRIES>No</REMOVEZEROENTRIES>
<ISDEEMEDPOSITIVE>No</ISDEEMEDPOSITIVE>
<LEDGERFROMITEM>No</LEDGERFROMITEM>
<LEDGERNAME>Container Handling Services-Export-GST</LEDGERNAME>
<AMOUNT>10000.000</AMOUNT>
</ALLLEDGERENTRIES.LIST>
<ALLLEDGERENTRIES.LIST>
<REMOVEZEROENTRIES>No</REMOVEZEROENTRIES>
<ISDEEMEDPOSITIVE>No</ISDEEMEDPOSITIVE>
<LEDGERFROMITEM>No</LEDGERFROMITEM>
<LEDGERNAME>IGST</LEDGERNAME>
<AMOUNT>1800.000000000</AMOUNT>
</ALLLEDGERENTRIES.LIST>
<ALLLEDGERENTRIES.LIST>
<REMOVEZEROENTRIES>No</REMOVEZEROENTRIES>
<ISDEEMEDPOSITIVE>No</ISDEEMEDPOSITIVE>
<LEDGERFROMITEM>No</LEDGERFROMITEM>
<LEDGERNAME>Container Handling Services-Export-GST</LEDGERNAME>
<AMOUNT>2000.000</AMOUNT>
</ALLLEDGERENTRIES.LIST>
<ALLLEDGERENTRIES.LIST>
<REMOVEZEROENTRIES>No</REMOVEZEROENTRIES>
<ISDEEMEDPOSITIVE>No</ISDEEMEDPOSITIVE>
<LEDGERFROMITEM>No</LEDGERFROMITEM>
<LEDGERNAME>IGST</LEDGERNAME>
<AMOUNT>360.000000000</AMOUNT>
</ALLLEDGERENTRIES.LIST>
<ALLLEDGERENTRIES.LIST>
<REMOVEZEROENTRIES>No</REMOVEZEROENTRIES>
<ISDEEMEDPOSITIVE>No</ISDEEMEDPOSITIVE>
<LEDGERFROMITEM>No</LEDGERFROMITEM>
<LEDGERNAME>SHORT AND EXCESS</LEDGERNAME>
<AMOUNT>0.000</AMOUNT>
</ALLLEDGERENTRIES.LIST>
</VOUCHER>
<VOUCHER>
<ISOPTIONAL>No</ISOPTIONAL>
<USEFORGAINLOSS>No</USEFORGAINLOSS>
<USEFORCOMPOUND>No</USEFORCOMPOUND>
<VOUCHERTYPENAME>Sales-Export-CFSM</VOUCHERTYPENAME>
<DATE>20200205</DATE>
<EFFECTIVEDATE>20200205</EFFECTIVEDATE>
<ISCANCELLED>No</ISCANCELLED>
<USETRACKINGNUMBER>No</USETRACKINGNUMBER>
<ISPOSTDATED>No</ISPOSTDATED>
<ISINVOICE>No</ISINVOICE>
<DIFFACTUALQTY>No</DIFFACTUALQTY>
<VOUCHERNUMBER>ALSA001570/19-20</VOUCHERNUMBER>
<PARTYLEDGERNAME>Seasure Shipping and Logistics (Export )</PARTYLEDGERNAME>
<STATENAME>Madya Pradesh</STATENAME>
<NARRATION>Being amount debited toward export, Shipping Bill No: 1115589, Exporter: EMPEROR OVERSEAS LLP, Invoice No: ALSA001570/19-20</NARRATION>
<PARTYGSTIN>23ABFPA4370H1Z5</PARTYGSTIN>
<ALLLEDGERENTRIES.LIST>
<REMOVEZEROENTRIES>No</REMOVEZEROENTRIES>
<ISDEEMEDPOSITIVE>Yes</ISDEEMEDPOSITIVE>
<LEDGERFROMITEM>No</LEDGERFROMITEM>
<LEDGERNAME>Seasure Shipping and Logistics (Export )</LEDGERNAME>
<AMOUNT>-7500.000</AMOUNT>
<BILLALLOCATIONS.LIST>
<NAME>ALSA001570/19-20</NAME>
<BILLCREDITPERIOD>13 Days</BILLCREDITPERIOD>
<BILLTYPE>New Ref</BILLTYPE>
<AMOUNT>-7500.000</AMOUNT>
</BILLALLOCATIONS.LIST>
</ALLLEDGERENTRIES.LIST>
<ALLLEDGERENTRIES.LIST>
<REMOVEZEROENTRIES>No</REMOVEZEROENTRIES>
<ISDEEMEDPOSITIVE>No</ISDEEMEDPOSITIVE>
<LEDGERFROMITEM>No</LEDGERFROMITEM>
<LEDGERNAME>Container Handling Services-Export-NGST</LEDGERNAME>
<AMOUNT>1500.000</AMOUNT>
</ALLLEDGERENTRIES.LIST>
<ALLLEDGERENTRIES.LIST>
<REMOVEZEROENTRIES>No</REMOVEZEROENTRIES>
<ISDEEMEDPOSITIVE>No</ISDEEMEDPOSITIVE>
<LEDGERFROMITEM>No</LEDGERFROMITEM>
<LEDGERNAME>Container Handling Services-Export-NGST</LEDGERNAME>
<AMOUNT>5000.000</AMOUNT>
</ALLLEDGERENTRIES.LIST>
<ALLLEDGERENTRIES.LIST>
<REMOVEZEROENTRIES>No</REMOVEZEROENTRIES>
<ISDEEMEDPOSITIVE>No</ISDEEMEDPOSITIVE>
<LEDGERFROMITEM>No</LEDGERFROMITEM>
<LEDGERNAME>Container Handling Services-Export-NGST</LEDGERNAME>
<AMOUNT>1000.000</AMOUNT>
</ALLLEDGERENTRIES.LIST>
<ALLLEDGERENTRIES.LIST>
<REMOVEZEROENTRIES>No</REMOVEZEROENTRIES>
<ISDEEMEDPOSITIVE>No</ISDEEMEDPOSITIVE>
<LEDGERFROMITEM>No</LEDGERFROMITEM>
<LEDGERNAME>SHORT AND EXCESS</LEDGERNAME>
<AMOUNT>0.000</AMOUNT>
</ALLLEDGERENTRIES.LIST>
</VOUCHER>
<VOUCHER>
<ISOPTIONAL>No</ISOPTIONAL>
<USEFORGAINLOSS>No</USEFORGAINLOSS>
<USEFORCOMPOUND>No</USEFORCOMPOUND>
<VOUCHERTYPENAME>Sales-Export-CFSM</VOUCHERTYPENAME>
<DATE>20200205</DATE>
<EFFECTIVEDATE>20200205</EFFECTIVEDATE>
<ISCANCELLED>No</ISCANCELLED>
<USETRACKINGNUMBER>No</USETRACKINGNUMBER>
<ISPOSTDATED>No</ISPOSTDATED>
<ISINVOICE>No</ISINVOICE>
<DIFFACTUALQTY>No</DIFFACTUALQTY>
<VOUCHERNUMBER>ALSA001571/19-20</VOUCHERNUMBER>
<PARTYLEDGERNAME>N S BHANUSHALI AND CO.</PARTYLEDGERNAME>
<STATENAME>Maharashtra</STATENAME>
<NARRATION>Being amount debited toward export, Shipping Bill No: 9983152, Exporter: RATNARAJ FOODS, Invoice No: ALSA001571/19-20</NARRATION>
<PARTYGSTIN>27AAQPB6202R1ZB</PARTYGSTIN>
<ALLLEDGERENTRIES.LIST>
<REMOVEZEROENTRIES>No</REMOVEZEROENTRIES>
<ISDEEMEDPOSITIVE>Yes</ISDEEMEDPOSITIVE>
<LEDGERFROMITEM>No</LEDGERFROMITEM>
<LEDGERNAME>N S BHANUSHALI AND CO.</LEDGERNAME>
<AMOUNT>-56880.000</AMOUNT>
<BILLALLOCATIONS.LIST>
<NAME>ALSA001571/19-20</NAME>
<BILLCREDITPERIOD>13 Days</BILLCREDITPERIOD>
<BILLTYPE>New Ref</BILLTYPE>
<AMOUNT>-56880.000</AMOUNT>
</BILLALLOCATIONS.LIST>
</ALLLEDGERENTRIES.LIST>
<ALLLEDGERENTRIES.LIST>
<REMOVEZEROENTRIES>No</REMOVEZEROENTRIES>
<ISDEEMEDPOSITIVE>No</ISDEEMEDPOSITIVE>
<LEDGERFROMITEM>No</LEDGERFROMITEM>
<LEDGERNAME>Container Handling Services-Export-NGST</LEDGERNAME>
<AMOUNT>12000.000</AMOUNT>
</ALLLEDGERENTRIES.LIST>
<ALLLEDGERENTRIES.LIST>
<REMOVEZEROENTRIES>No</REMOVEZEROENTRIES>
<ISDEEMEDPOSITIVE>No</ISDEEMEDPOSITIVE>
<LEDGERFROMITEM>No</LEDGERFROMITEM>
<LEDGERNAME>Container Handling Services-Export-NGST</LEDGERNAME>
<AMOUNT>26000.000</AMOUNT>
</ALLLEDGERENTRIES.LIST>
<ALLLEDGERENTRIES.LIST>
<REMOVEZEROENTRIES>No</REMOVEZEROENTRIES>
<ISDEEMEDPOSITIVE>No</ISDEEMEDPOSITIVE>
<LEDGERFROMITEM>No</LEDGERFROMITEM>
<LEDGERNAME>Container Handling Services-Export-NGST</LEDGERNAME>
<AMOUNT>9300.000</AMOUNT>
</ALLLEDGERENTRIES.LIST>
<ALLLEDGERENTRIES.LIST>
<REMOVEZEROENTRIES>No</REMOVEZEROENTRIES>
<ISDEEMEDPOSITIVE>No</ISDEEMEDPOSITIVE>
<LEDGERFROMITEM>No</LEDGERFROMITEM>
<LEDGERNAME>Container Handling Services-Export-NGST</LEDGERNAME>
<AMOUNT>3100.000</AMOUNT>
</ALLLEDGERENTRIES.LIST>
<ALLLEDGERENTRIES.LIST>
<REMOVEZEROENTRIES>No</REMOVEZEROENTRIES>
<ISDEEMEDPOSITIVE>No</ISDEEMEDPOSITIVE>
<LEDGERFROMITEM>No</LEDGERFROMITEM>
<LEDGERNAME>Container Handling Services-Export-NGST</LEDGERNAME>
<AMOUNT>480.000</AMOUNT>
</ALLLEDGERENTRIES.LIST>
<ALLLEDGERENTRIES.LIST>
<REMOVEZEROENTRIES>No</REMOVEZEROENTRIES>
<ISDEEMEDPOSITIVE>No</ISDEEMEDPOSITIVE>
<LEDGERFROMITEM>No</LEDGERFROMITEM>
<LEDGERNAME>Container Handling Services-Export-NGST</LEDGERNAME>
<AMOUNT>6000.000</AMOUNT>
</ALLLEDGERENTRIES.LIST>
<ALLLEDGERENTRIES.LIST>
<REMOVEZEROENTRIES>No</REMOVEZEROENTRIES>
<ISDEEMEDPOSITIVE>No</ISDEEMEDPOSITIVE>
<LEDGERFROMITEM>No</LEDGERFROMITEM>
<LEDGERNAME>SHORT AND EXCESS</LEDGERNAME>
<AMOUNT>0.000</AMOUNT>
</ALLLEDGERENTRIES.LIST>
</VOUCHER>
<VOUCHER>
<ISOPTIONAL>No</ISOPTIONAL>
<USEFORGAINLOSS>No</USEFORGAINLOSS>
<USEFORCOMPOUND>No</USEFORCOMPOUND>
<VOUCHERTYPENAME>Sales-Export-CFSM</VOUCHERTYPENAME>
<DATE>20200205</DATE>
<EFFECTIVEDATE>20200205</EFFECTIVEDATE>
<ISCANCELLED>No</ISCANCELLED>
<USETRACKINGNUMBER>No</USETRACKINGNUMBER>
<ISPOSTDATED>No</ISPOSTDATED>
<ISINVOICE>No</ISINVOICE>
<DIFFACTUALQTY>No</DIFFACTUALQTY>
<VOUCHERNUMBER>ALSA001572/19-20</VOUCHERNUMBER>
<PARTYLEDGERNAME>N S BHANUSHALI AND CO.</PARTYLEDGERNAME>
<STATENAME>Maharashtra</STATENAME>
<NARRATION>Being amount debited toward export, Shipping Bill No: 9991226, Exporter: RATNARAJ FOODS, Invoice No: ALSA001572/19-20</NARRATION>
<PARTYGSTIN>27AAQPB6202R1ZB</PARTYGSTIN>
<ALLLEDGERENTRIES.LIST>
<REMOVEZEROENTRIES>No</REMOVEZEROENTRIES>
<ISDEEMEDPOSITIVE>Yes</ISDEEMEDPOSITIVE>
<LEDGERFROMITEM>No</LEDGERFROMITEM>
<LEDGERNAME>N S BHANUSHALI AND CO.</LEDGERNAME>
<AMOUNT>-28200.000</AMOUNT>
<BILLALLOCATIONS.LIST>
<NAME>ALSA001572/19-20</NAME>
<BILLCREDITPERIOD>13 Days</BILLCREDITPERIOD>
<BILLTYPE>New Ref</BILLTYPE>
<AMOUNT>-28200.000</AMOUNT>
</BILLALLOCATIONS.LIST>
</ALLLEDGERENTRIES.LIST>
<ALLLEDGERENTRIES.LIST>
<REMOVEZEROENTRIES>No</REMOVEZEROENTRIES>
<ISDEEMEDPOSITIVE>No</ISDEEMEDPOSITIVE>
<LEDGERFROMITEM>No</LEDGERFROMITEM>
<LEDGERNAME>Container Handling Services-Export-NGST</LEDGERNAME>
<AMOUNT>6000.000</AMOUNT>
</ALLLEDGERENTRIES.LIST>
<ALLLEDGERENTRIES.LIST>
<REMOVEZEROENTRIES>No</REMOVEZEROENTRIES>
<ISDEEMEDPOSITIVE>No</ISDEEMEDPOSITIVE>
<LEDGERFROMITEM>No</LEDGERFROMITEM>
<LEDGERNAME>Container Handling Services-Export-NGST</LEDGERNAME>
<AMOUNT>13000.000</AMOUNT>
</ALLLEDGERENTRIES.LIST>
<ALLLEDGERENTRIES.LIST>
<REMOVEZEROENTRIES>No</REMOVEZEROENTRIES>
<ISDEEMEDPOSITIVE>No</ISDEEMEDPOSITIVE>
<LEDGERFROMITEM>No</LEDGERFROMITEM>
<LEDGERNAME>Container Handling Services-Export-NGST</LEDGERNAME>
<AMOUNT>3100.000</AMOUNT>
</ALLLEDGERENTRIES.LIST>
<ALLLEDGERENTRIES.LIST>
<REMOVEZEROENTRIES>No</REMOVEZEROENTRIES>
<ISDEEMEDPOSITIVE>No</ISDEEMEDPOSITIVE>
<LEDGERFROMITEM>No</LEDGERFROMITEM>
<LEDGERNAME>Container Handling Services-Export-NGST</LEDGERNAME>
<AMOUNT>3100.000</AMOUNT>
</ALLLEDGERENTRIES.LIST>
<ALLLEDGERENTRIES.LIST>
<REMOVEZEROENTRIES>No</REMOVEZEROENTRIES>
<ISDEEMEDPOSITIVE>No</ISDEEMEDPOSITIVE>
<LEDGERFROMITEM>No</LEDGERFROMITEM>
<LEDGERNAME>Container Handling Services-Export-NGST</LEDGERNAME>
<AMOUNT>3000.000</AMOUNT>
</ALLLEDGERENTRIES.LIST>
<ALLLEDGERENTRIES.LIST>
<REMOVEZEROENTRIES>No</REMOVEZEROENTRIES>
<ISDEEMEDPOSITIVE>No</ISDEEMEDPOSITIVE>
<LEDGERFROMITEM>No</LEDGERFROMITEM>
<LEDGERNAME>SHORT AND EXCESS</LEDGERNAME>
<AMOUNT>0.000</AMOUNT>
</ALLLEDGERENTRIES.LIST>
</VOUCHER>
<VOUCHER>
<ISOPTIONAL>No</ISOPTIONAL>
<USEFORGAINLOSS>No</USEFORGAINLOSS>
<USEFORCOMPOUND>No</USEFORCOMPOUND>
<VOUCHERTYPENAME>Sales-Export-CFSM</VOUCHERTYPENAME>
<DATE>20200205</DATE>
<EFFECTIVEDATE>20200205</EFFECTIVEDATE>
<ISCANCELLED>No</ISCANCELLED>
<USETRACKINGNUMBER>No</USETRACKINGNUMBER>
<ISPOSTDATED>No</ISPOSTDATED>
<ISINVOICE>No</ISINVOICE>
<DIFFACTUALQTY>No</DIFFACTUALQTY>
<VOUCHERNUMBER>ALSE005403/19-20</VOUCHERNUMBER>
<PARTYLEDGERNAME>Seasure Shipping and Logistics (Export )</PARTYLEDGERNAME>
<STATENAME>Madya Pradesh</STATENAME>
<NARRATION>Being amount debited toward export, Shipping Bill No: 1121186, Exporter: MODERN IRON WORKS, Invoice No: ALSE005403/19-20</NARRATION>
<PARTYGSTIN>23ABFPA4370H1Z5</PARTYGSTIN>
<ALLLEDGERENTRIES.LIST>
<REMOVEZEROENTRIES>No</REMOVEZEROENTRIES>
<ISDEEMEDPOSITIVE>Yes</ISDEEMEDPOSITIVE>
<LEDGERFROMITEM>No</LEDGERFROMITEM>
<LEDGERNAME>Seasure Shipping and Logistics (Export )</LEDGERNAME>
<AMOUNT>-17582.000</AMOUNT>
<BILLALLOCATIONS.LIST>
<NAME>ALSE005403/19-20</NAME>
<BILLCREDITPERIOD>13 Days</BILLCREDITPERIOD>
<BILLTYPE>New Ref</BILLTYPE>
<AMOUNT>-17582.000</AMOUNT>
</BILLALLOCATIONS.LIST>
</ALLLEDGERENTRIES.LIST>
<ALLLEDGERENTRIES.LIST>
<REMOVEZEROENTRIES>No</REMOVEZEROENTRIES>
<ISDEEMEDPOSITIVE>No</ISDEEMEDPOSITIVE>
<LEDGERFROMITEM>No</LEDGERFROMITEM>
<LEDGERNAME>Container Handling Services-Export-GST</LEDGERNAME>
<AMOUNT>3000.000</AMOUNT>
</ALLLEDGERENTRIES.LIST>
<ALLLEDGERENTRIES.LIST>
<REMOVEZEROENTRIES>No</REMOVEZEROENTRIES>
<ISDEEMEDPOSITIVE>No</ISDEEMEDPOSITIVE>
<LEDGERFROMITEM>No</LEDGERFROMITEM>
<LEDGERNAME>IGST</LEDGERNAME>
<AMOUNT>540.000000000</AMOUNT>
</ALLLEDGERENTRIES.LIST>
<ALLLEDGERENTRIES.LIST>
<REMOVEZEROENTRIES>No</REMOVEZEROENTRIES>
<ISDEEMEDPOSITIVE>No</ISDEEMEDPOSITIVE>
<LEDGERFROMITEM>No</LEDGERFROMITEM>
<LEDGERNAME>Container Handling Services-Export-GST</LEDGERNAME>
<AMOUNT>6500.000</AMOUNT>
</ALLLEDGERENTRIES.LIST>
<ALLLEDGERENTRIES.LIST>
<REMOVEZEROENTRIES>No</REMOVEZEROENTRIES>
<ISDEEMEDPOSITIVE>No</ISDEEMEDPOSITIVE>
<LEDGERFROMITEM>No</LEDGERFROMITEM>
<LEDGERNAME>IGST</LEDGERNAME>
<AMOUNT>1170.000000000</AMOUNT>
</ALLLEDGERENTRIES.LIST>
<ALLLEDGERENTRIES.LIST>
<REMOVEZEROENTRIES>No</REMOVEZEROENTRIES>
<ISDEEMEDPOSITIVE>No</ISDEEMEDPOSITIVE>
<LEDGERFROMITEM>No</LEDGERFROMITEM>
<LEDGERNAME>Container Handling Services-Export-GST</LEDGERNAME>
<AMOUNT>1900.000</AMOUNT>
</ALLLEDGERENTRIES.LIST>
<ALLLEDGERENTRIES.LIST>
<REMOVEZEROENTRIES>No</REMOVEZEROENTRIES>
<ISDEEMEDPOSITIVE>No</ISDEEMEDPOSITIVE>
<LEDGERFROMITEM>No</LEDGERFROMITEM>
<LEDGERNAME>IGST</LEDGERNAME>
<AMOUNT>342.000000000</AMOUNT>
</ALLLEDGERENTRIES.LIST>
<ALLLEDGERENTRIES.LIST>
<REMOVEZEROENTRIES>No</REMOVEZEROENTRIES>
<ISDEEMEDPOSITIVE>No</ISDEEMEDPOSITIVE>
<LEDGERFROMITEM>No</LEDGERFROMITEM>
<LEDGERNAME>Container Handling Services-Export-GST</LEDGERNAME>
<AMOUNT>3500.000</AMOUNT>
</ALLLEDGERENTRIES.LIST>
<ALLLEDGERENTRIES.LIST>
<REMOVEZEROENTRIES>No</REMOVEZEROENTRIES>
<ISDEEMEDPOSITIVE>No</ISDEEMEDPOSITIVE>
<LEDGERFROMITEM>No</LEDGERFROMITEM>
<LEDGERNAME>IGST</LEDGERNAME>
<AMOUNT>630.000000000</AMOUNT>
</ALLLEDGERENTRIES.LIST>
<ALLLEDGERENTRIES.LIST>
<REMOVEZEROENTRIES>No</REMOVEZEROENTRIES>
<ISDEEMEDPOSITIVE>No</ISDEEMEDPOSITIVE>
<LEDGERFROMITEM>No</LEDGERFROMITEM>
<LEDGERNAME>SHORT AND EXCESS</LEDGERNAME>
<AMOUNT>0.000</AMOUNT>
</ALLLEDGERENTRIES.LIST>
</VOUCHER>
<VOUCHER>
<ISOPTIONAL>No</ISOPTIONAL>
<USEFORGAINLOSS>No</USEFORGAINLOSS>
<USEFORCOMPOUND>No</USEFORCOMPOUND>
<VOUCHERTYPENAME>Sales-Export-CFSM</VOUCHERTYPENAME>
<DATE>20200205</DATE>
<EFFECTIVEDATE>20200205</EFFECTIVEDATE>
<ISCANCELLED>No</ISCANCELLED>
<USETRACKINGNUMBER>No</USETRACKINGNUMBER>
<ISPOSTDATED>No</ISPOSTDATED>
<ISINVOICE>No</ISINVOICE>
<DIFFACTUALQTY>No</DIFFACTUALQTY>
<VOUCHERNUMBER>ALSE005404/19-20</VOUCHERNUMBER>
<PARTYLEDGERNAME>Seasure Shipping and Logistics (Export )</PARTYLEDGERNAME>
<STATENAME>Madya Pradesh</STATENAME>
<NARRATION>Being amount debited toward export, Shipping Bill No: 9736295, Exporter: MALWA AGRO FOODS PVT LTD, Invoice No: ALSE005404/19-20</NARRATION>
<PARTYGSTIN>23ABFPA4370H1Z5</PARTYGSTIN>
<ALLLEDGERENTRIES.LIST>
<REMOVEZEROENTRIES>No</REMOVEZEROENTRIES>
<ISDEEMEDPOSITIVE>Yes</ISDEEMEDPOSITIVE>
<LEDGERFROMITEM>No</LEDGERFROMITEM>
<LEDGERNAME>Seasure Shipping and Logistics (Export )</LEDGERNAME>
<AMOUNT>-8850.000</AMOUNT>
<BILLALLOCATIONS.LIST>
<NAME>ALSE005404/19-20</NAME>
<BILLCREDITPERIOD>13 Days</BILLCREDITPERIOD>
<BILLTYPE>New Ref</BILLTYPE>
<AMOUNT>-8850.000</AMOUNT>
</BILLALLOCATIONS.LIST>
</ALLLEDGERENTRIES.LIST>
<ALLLEDGERENTRIES.LIST>
<REMOVEZEROENTRIES>No</REMOVEZEROENTRIES>
<ISDEEMEDPOSITIVE>No</ISDEEMEDPOSITIVE>
<LEDGERFROMITEM>No</LEDGERFROMITEM>
<LEDGERNAME>Container Handling Services-Export-GST</LEDGERNAME>
<AMOUNT>1500.000</AMOUNT>
</ALLLEDGERENTRIES.LIST>
<ALLLEDGERENTRIES.LIST>
<REMOVEZEROENTRIES>No</REMOVEZEROENTRIES>
<ISDEEMEDPOSITIVE>No</ISDEEMEDPOSITIVE>
<LEDGERFROMITEM>No</LEDGERFROMITEM>
<LEDGERNAME>IGST</LEDGERNAME>
<AMOUNT>270.000000000</AMOUNT>
</ALLLEDGERENTRIES.LIST>
<ALLLEDGERENTRIES.LIST>
<REMOVEZEROENTRIES>No</REMOVEZEROENTRIES>
<ISDEEMEDPOSITIVE>No</ISDEEMEDPOSITIVE>
<LEDGERFROMITEM>No</LEDGERFROMITEM>
<LEDGERNAME>Container Handling Services-Export-GST</LEDGERNAME>
<AMOUNT>5000.000</AMOUNT>
</ALLLEDGERENTRIES.LIST>
<ALLLEDGERENTRIES.LIST>
<REMOVEZEROENTRIES>No</REMOVEZEROENTRIES>
<ISDEEMEDPOSITIVE>No</ISDEEMEDPOSITIVE>
<LEDGERFROMITEM>No</LEDGERFROMITEM>
<LEDGERNAME>IGST</LEDGERNAME>
<AMOUNT>900.000000000</AMOUNT>
</ALLLEDGERENTRIES.LIST>
<ALLLEDGERENTRIES.LIST>
<REMOVEZEROENTRIES>No</REMOVEZEROENTRIES>
<ISDEEMEDPOSITIVE>No</ISDEEMEDPOSITIVE>
<LEDGERFROMITEM>No</LEDGERFROMITEM>
<LEDGERNAME>Container Handling Services-Export-GST</LEDGERNAME>
<AMOUNT>1000.000</AMOUNT>
</ALLLEDGERENTRIES.LIST>
<ALLLEDGERENTRIES.LIST>
<REMOVEZEROENTRIES>No</REMOVEZEROENTRIES>
<ISDEEMEDPOSITIVE>No</ISDEEMEDPOSITIVE>
<LEDGERFROMITEM>No</LEDGERFROMITEM>
<LEDGERNAME>IGST</LEDGERNAME>
<AMOUNT>180.000000000</AMOUNT>
</ALLLEDGERENTRIES.LIST>
<ALLLEDGERENTRIES.LIST>
<REMOVEZEROENTRIES>No</REMOVEZEROENTRIES>
<ISDEEMEDPOSITIVE>No</ISDEEMEDPOSITIVE>
<LEDGERFROMITEM>No</LEDGERFROMITEM>
<LEDGERNAME>SHORT AND EXCESS</LEDGERNAME>
<AMOUNT>0.000</AMOUNT>
</ALLLEDGERENTRIES.LIST>
</VOUCHER>
<VOUCHER>
<ISOPTIONAL>No</ISOPTIONAL>
<USEFORGAINLOSS>No</USEFORGAINLOSS>
<USEFORCOMPOUND>No</USEFORCOMPOUND>
<VOUCHERTYPENAME>Sales-Export-CFSM</VOUCHERTYPENAME>
<DATE>20200205</DATE>
<EFFECTIVEDATE>20200205</EFFECTIVEDATE>
<ISCANCELLED>No</ISCANCELLED>
<USETRACKINGNUMBER>No</USETRACKINGNUMBER>
<ISPOSTDATED>No</ISPOSTDATED>
<ISINVOICE>No</ISINVOICE>
<DIFFACTUALQTY>No</DIFFACTUALQTY>
<VOUCHERNUMBER>ALSE005405/19-20</VOUCHERNUMBER>
<PARTYLEDGERNAME>N S BHANUSHALI AND CO.</PARTYLEDGERNAME>
<STATENAME>Maharashtra</STATENAME>
<NARRATION>Being amount debited toward export, Shipping Bill No: 1102425, Exporter: RK IND EXPORT PRO LTD, Invoice No: ALSE005405/19-20</NARRATION>
<PARTYGSTIN>27AAQPB6202R1ZB</PARTYGSTIN>
<ALLLEDGERENTRIES.LIST>
<REMOVEZEROENTRIES>No</REMOVEZEROENTRIES>
<ISDEEMEDPOSITIVE>Yes</ISDEEMEDPOSITIVE>
<LEDGERFROMITEM>No</LEDGERFROMITEM>
<LEDGERNAME>N S BHANUSHALI AND CO.</LEDGERNAME>
<AMOUNT>-15104.000</AMOUNT>
<BILLALLOCATIONS.LIST>
<NAME>ALSE005405/19-20</NAME>
<BILLCREDITPERIOD>13 Days</BILLCREDITPERIOD>
<BILLTYPE>New Ref</BILLTYPE>
<AMOUNT>-15104.000</AMOUNT>
</BILLALLOCATIONS.LIST>
</ALLLEDGERENTRIES.LIST>
<ALLLEDGERENTRIES.LIST>
<REMOVEZEROENTRIES>No</REMOVEZEROENTRIES>
<ISDEEMEDPOSITIVE>No</ISDEEMEDPOSITIVE>
<LEDGERFROMITEM>No</LEDGERFROMITEM>
<LEDGERNAME>Container Handling Services-Export-GST</LEDGERNAME>
<AMOUNT>3000.000</AMOUNT>
</ALLLEDGERENTRIES.LIST>
<ALLLEDGERENTRIES.LIST>
<REMOVEZEROENTRIES>No</REMOVEZEROENTRIES>
<ISDEEMEDPOSITIVE>No</ISDEEMEDPOSITIVE>
<LEDGERFROMITEM>No</LEDGERFROMITEM>
<LEDGERNAME>CGST</LEDGERNAME>
<AMOUNT>270.000000000</AMOUNT>
</ALLLEDGERENTRIES.LIST>
<ALLLEDGERENTRIES.LIST>
<REMOVEZEROENTRIES>No</REMOVEZEROENTRIES>
<ISDEEMEDPOSITIVE>No</ISDEEMEDPOSITIVE>
<LEDGERFROMITEM>No</LEDGERFROMITEM>
<LEDGERNAME>SGST</LEDGERNAME>
<AMOUNT>270.000000000</AMOUNT>
</ALLLEDGERENTRIES.LIST>
<ALLLEDGERENTRIES.LIST>
<REMOVEZEROENTRIES>No</REMOVEZEROENTRIES>
<ISDEEMEDPOSITIVE>No</ISDEEMEDPOSITIVE>
<LEDGERFROMITEM>No</LEDGERFROMITEM>
<LEDGERNAME>Container Handling Services-Export-GST</LEDGERNAME>
<AMOUNT>6500.000</AMOUNT>
</ALLLEDGERENTRIES.LIST>
<ALLLEDGERENTRIES.LIST>
<REMOVEZEROENTRIES>No</REMOVEZEROENTRIES>
<ISDEEMEDPOSITIVE>No</ISDEEMEDPOSITIVE>
<LEDGERFROMITEM>No</LEDGERFROMITEM>
<LEDGERNAME>CGST</LEDGERNAME>
<AMOUNT>585.000000000</AMOUNT>
</ALLLEDGERENTRIES.LIST>
<ALLLEDGERENTRIES.LIST>
<REMOVEZEROENTRIES>No</REMOVEZEROENTRIES>
<ISDEEMEDPOSITIVE>No</ISDEEMEDPOSITIVE>
<LEDGERFROMITEM>No</LEDGERFROMITEM>
<LEDGERNAME>SGST</LEDGERNAME>
<AMOUNT>585.000000000</AMOUNT>
</ALLLEDGERENTRIES.LIST>
<ALLLEDGERENTRIES.LIST>
<REMOVEZEROENTRIES>No</REMOVEZEROENTRIES>
<ISDEEMEDPOSITIVE>No</ISDEEMEDPOSITIVE>
<LEDGERFROMITEM>No</LEDGERFROMITEM>
<LEDGERNAME>Container Handling Services-Export-GST</LEDGERNAME>
<AMOUNT>200.000</AMOUNT>
</ALLLEDGERENTRIES.LIST>
<ALLLEDGERENTRIES.LIST>
<REMOVEZEROENTRIES>No</REMOVEZEROENTRIES>
<ISDEEMEDPOSITIVE>No</ISDEEMEDPOSITIVE>
<LEDGERFROMITEM>No</LEDGERFROMITEM>
<LEDGERNAME>CGST</LEDGERNAME>
<AMOUNT>18.000000000</AMOUNT>
</ALLLEDGERENTRIES.LIST>
<ALLLEDGERENTRIES.LIST>
<REMOVEZEROENTRIES>No</REMOVEZEROENTRIES>
<ISDEEMEDPOSITIVE>No</ISDEEMEDPOSITIVE>
<LEDGERFROMITEM>No</LEDGERFROMITEM>
<LEDGERNAME>SGST</LEDGERNAME>
<AMOUNT>18.000000000</AMOUNT>
</ALLLEDGERENTRIES.LIST>
<ALLLEDGERENTRIES.LIST>
<REMOVEZEROENTRIES>No</REMOVEZEROENTRIES>
<ISDEEMEDPOSITIVE>No</ISDEEMEDPOSITIVE>
<LEDGERFROMITEM>No</LEDGERFROMITEM>
<LEDGERNAME>Container Handling Services-Export-GST</LEDGERNAME>
<AMOUNT>3100.000</AMOUNT>
</ALLLEDGERENTRIES.LIST>
<ALLLEDGERENTRIES.LIST>
<REMOVEZEROENTRIES>No</REMOVEZEROENTRIES>
<ISDEEMEDPOSITIVE>No</ISDEEMEDPOSITIVE>
<LEDGERFROMITEM>No</LEDGERFROMITEM>
<LEDGERNAME>CGST</LEDGERNAME>
<AMOUNT>279.000000000</AMOUNT>
</ALLLEDGERENTRIES.LIST>
<ALLLEDGERENTRIES.LIST>
<REMOVEZEROENTRIES>No</REMOVEZEROENTRIES>
<ISDEEMEDPOSITIVE>No</ISDEEMEDPOSITIVE>
<LEDGERFROMITEM>No</LEDGERFROMITEM>
<LEDGERNAME>SGST</LEDGERNAME>
<AMOUNT>279.000000000</AMOUNT>
</ALLLEDGERENTRIES.LIST>
<ALLLEDGERENTRIES.LIST>
<REMOVEZEROENTRIES>No</REMOVEZEROENTRIES>
<ISDEEMEDPOSITIVE>No</ISDEEMEDPOSITIVE>
<LEDGERFROMITEM>No</LEDGERFROMITEM>
<LEDGERNAME>SHORT AND EXCESS</LEDGERNAME>
<AMOUNT>0.000</AMOUNT>
</ALLLEDGERENTRIES.LIST>
</VOUCHER>
<VOUCHER>
<ISOPTIONAL>No</ISOPTIONAL>
<USEFORGAINLOSS>No</USEFORGAINLOSS>
<USEFORCOMPOUND>No</USEFORCOMPOUND>
<VOUCHERTYPENAME>Sales-Export-CFSM</VOUCHERTYPENAME>
<DATE>20200205</DATE>
<EFFECTIVEDATE>20200205</EFFECTIVEDATE>
<ISCANCELLED>No</ISCANCELLED>
<USETRACKINGNUMBER>No</USETRACKINGNUMBER>
<ISPOSTDATED>No</ISPOSTDATED>
<ISINVOICE>No</ISINVOICE>
<DIFFACTUALQTY>No</DIFFACTUALQTY>
<VOUCHERNUMBER>ALSE005406/19-20</VOUCHERNUMBER>
<PARTYLEDGERNAME>Rashi Cargo Movers</PARTYLEDGERNAME>
<STATENAME>Maharashtra</STATENAME>
<NARRATION>Being amount debited toward export, Shipping Bill No: 1026511, Exporter: DML EXIM PVT LTD, Invoice No: ALSE005406/19-20</NARRATION>
<PARTYGSTIN>27ALGPB0382D2ZL</PARTYGSTIN>
<ALLLEDGERENTRIES.LIST>
<REMOVEZEROENTRIES>No</REMOVEZEROENTRIES>
<ISDEEMEDPOSITIVE>Yes</ISDEEMEDPOSITIVE>
<LEDGERFROMITEM>No</LEDGERFROMITEM>
<LEDGERNAME>Rashi Cargo Movers</LEDGERNAME>
<AMOUNT>-82836.000</AMOUNT>
<BILLALLOCATIONS.LIST>
<NAME>ALSE005406/19-20</NAME>
<BILLCREDITPERIOD>37 Days</BILLCREDITPERIOD>
<BILLTYPE>New Ref</BILLTYPE>
<AMOUNT>-82836.000</AMOUNT>
</BILLALLOCATIONS.LIST>
</ALLLEDGERENTRIES.LIST>
<ALLLEDGERENTRIES.LIST>
<REMOVEZEROENTRIES>No</REMOVEZEROENTRIES>
<ISDEEMEDPOSITIVE>No</ISDEEMEDPOSITIVE>
<LEDGERFROMITEM>No</LEDGERFROMITEM>
<LEDGERNAME>Container Handling Services-Export-GST</LEDGERNAME>
<AMOUNT>13500.000</AMOUNT>
</ALLLEDGERENTRIES.LIST>
<ALLLEDGERENTRIES.LIST>
<REMOVEZEROENTRIES>No</REMOVEZEROENTRIES>
<ISDEEMEDPOSITIVE>No</ISDEEMEDPOSITIVE>
<LEDGERFROMITEM>No</LEDGERFROMITEM>
<LEDGERNAME>CGST</LEDGERNAME>
<AMOUNT>1215.000000000</AMOUNT>
</ALLLEDGERENTRIES.LIST>
<ALLLEDGERENTRIES.LIST>
<REMOVEZEROENTRIES>No</REMOVEZEROENTRIES>
<ISDEEMEDPOSITIVE>No</ISDEEMEDPOSITIVE>
<LEDGERFROMITEM>No</LEDGERFROMITEM>
<LEDGERNAME>SGST</LEDGERNAME>
<AMOUNT>1215.000000000</AMOUNT>
</ALLLEDGERENTRIES.LIST>
<ALLLEDGERENTRIES.LIST>
<REMOVEZEROENTRIES>No</REMOVEZEROENTRIES>
<ISDEEMEDPOSITIVE>No</ISDEEMEDPOSITIVE>
<LEDGERFROMITEM>No</LEDGERFROMITEM>
<LEDGERNAME>Container Handling Services-Export-GST</LEDGERNAME>
<AMOUNT>45000.000</AMOUNT>
</ALLLEDGERENTRIES.LIST>
<ALLLEDGERENTRIES.LIST>
<REMOVEZEROENTRIES>No</REMOVEZEROENTRIES>
<ISDEEMEDPOSITIVE>No</ISDEEMEDPOSITIVE>
<LEDGERFROMITEM>No</LEDGERFROMITEM>
<LEDGERNAME>CGST</LEDGERNAME>
<AMOUNT>4050.000000000</AMOUNT>
</ALLLEDGERENTRIES.LIST>
<ALLLEDGERENTRIES.LIST>
<REMOVEZEROENTRIES>No</REMOVEZEROENTRIES>
<ISDEEMEDPOSITIVE>No</ISDEEMEDPOSITIVE>
<LEDGERFROMITEM>No</LEDGERFROMITEM>
<LEDGERNAME>SGST</LEDGERNAME>
<AMOUNT>4050.000000000</AMOUNT>
</ALLLEDGERENTRIES.LIST>
<ALLLEDGERENTRIES.LIST>
<REMOVEZEROENTRIES>No</REMOVEZEROENTRIES>
<ISDEEMEDPOSITIVE>No</ISDEEMEDPOSITIVE>
<LEDGERFROMITEM>No</LEDGERFROMITEM>
<LEDGERNAME>Container Handling Services-Export-GST</LEDGERNAME>
<AMOUNT>11700.000</AMOUNT>
</ALLLEDGERENTRIES.LIST>
<ALLLEDGERENTRIES.LIST>
<REMOVEZEROENTRIES>No</REMOVEZEROENTRIES>
<ISDEEMEDPOSITIVE>No</ISDEEMEDPOSITIVE>
<LEDGERFROMITEM>No</LEDGERFROMITEM>
<LEDGERNAME>CGST</LEDGERNAME>
<AMOUNT>1053.000000000</AMOUNT>
</ALLLEDGERENTRIES.LIST>
<ALLLEDGERENTRIES.LIST>
<REMOVEZEROENTRIES>No</REMOVEZEROENTRIES>
<ISDEEMEDPOSITIVE>No</ISDEEMEDPOSITIVE>
<LEDGERFROMITEM>No</LEDGERFROMITEM>
<LEDGERNAME>SGST</LEDGERNAME>
<AMOUNT>1053.000000000</AMOUNT>
</ALLLEDGERENTRIES.LIST>
<ALLLEDGERENTRIES.LIST>
<REMOVEZEROENTRIES>No</REMOVEZEROENTRIES>
<ISDEEMEDPOSITIVE>No</ISDEEMEDPOSITIVE>
<LEDGERFROMITEM>No</LEDGERFROMITEM>
<LEDGERNAME>SHORT AND EXCESS</LEDGERNAME>
<AMOUNT>0.000</AMOUNT>
</ALLLEDGERENTRIES.LIST>
</VOUCHER>
<VOUCHER>
<ISOPTIONAL>No</ISOPTIONAL>
<USEFORGAINLOSS>No</USEFORGAINLOSS>
<USEFORCOMPOUND>No</USEFORCOMPOUND>
<VOUCHERTYPENAME>Sales-Export-CFSM</VOUCHERTYPENAME>
<DATE>20200205</DATE>
<EFFECTIVEDATE>20200205</EFFECTIVEDATE>
<ISCANCELLED>No</ISCANCELLED>
<USETRACKINGNUMBER>No</USETRACKINGNUMBER>
<ISPOSTDATED>No</ISPOSTDATED>
<ISINVOICE>No</ISINVOICE>
<DIFFACTUALQTY>No</DIFFACTUALQTY>
<VOUCHERNUMBER>ALSE005408/19-20</VOUCHERNUMBER>
<PARTYLEDGERNAME>Rashi Cargo Movers</PARTYLEDGERNAME>
<STATENAME>Maharashtra</STATENAME>
<NARRATION>Being amount debited toward export, Shipping Bill No: 1027123, Exporter: DML EXIM PVT LTD, Invoice No: ALSE005408/19-20</NARRATION>
<PARTYGSTIN>27ALGPB0382D2ZL</PARTYGSTIN>
<ALLLEDGERENTRIES.LIST>
<REMOVEZEROENTRIES>No</REMOVEZEROENTRIES>
<ISDEEMEDPOSITIVE>Yes</ISDEEMEDPOSITIVE>
<LEDGERFROMITEM>No</LEDGERFROMITEM>
<LEDGERNAME>Rashi Cargo Movers</LEDGERNAME>
<AMOUNT>-46256.000</AMOUNT>
<BILLALLOCATIONS.LIST>
<NAME>ALSE005408/19-20</NAME>
<BILLCREDITPERIOD>37 Days</BILLCREDITPERIOD>
<BILLTYPE>New Ref</BILLTYPE>
<AMOUNT>-46256.000</AMOUNT>
</BILLALLOCATIONS.LIST>
</ALLLEDGERENTRIES.LIST>
<ALLLEDGERENTRIES.LIST>
<REMOVEZEROENTRIES>No</REMOVEZEROENTRIES>
<ISDEEMEDPOSITIVE>No</ISDEEMEDPOSITIVE>
<LEDGERFROMITEM>No</LEDGERFROMITEM>
<LEDGERNAME>Container Handling Services-Export-GST</LEDGERNAME>
<AMOUNT>7500.000</AMOUNT>
</ALLLEDGERENTRIES.LIST>
<ALLLEDGERENTRIES.LIST>
<REMOVEZEROENTRIES>No</REMOVEZEROENTRIES>
<ISDEEMEDPOSITIVE>No</ISDEEMEDPOSITIVE>
<LEDGERFROMITEM>No</LEDGERFROMITEM>
<LEDGERNAME>CGST</LEDGERNAME>
<AMOUNT>675.000000000</AMOUNT>
</ALLLEDGERENTRIES.LIST>
<ALLLEDGERENTRIES.LIST>
<REMOVEZEROENTRIES>No</REMOVEZEROENTRIES>
<ISDEEMEDPOSITIVE>No</ISDEEMEDPOSITIVE>
<LEDGERFROMITEM>No</LEDGERFROMITEM>
<LEDGERNAME>SGST</LEDGERNAME>
<AMOUNT>675.000000000</AMOUNT>
</ALLLEDGERENTRIES.LIST>
<ALLLEDGERENTRIES.LIST>
<REMOVEZEROENTRIES>No</REMOVEZEROENTRIES>
<ISDEEMEDPOSITIVE>No</ISDEEMEDPOSITIVE>
<LEDGERFROMITEM>No</LEDGERFROMITEM>
<LEDGERNAME>Container Handling Services-Export-GST</LEDGERNAME>
<AMOUNT>25000.000</AMOUNT>
</ALLLEDGERENTRIES.LIST>
<ALLLEDGERENTRIES.LIST>
<REMOVEZEROENTRIES>No</REMOVEZEROENTRIES>
<ISDEEMEDPOSITIVE>No</ISDEEMEDPOSITIVE>
<LEDGERFROMITEM>No</LEDGERFROMITEM>
<LEDGERNAME>CGST</LEDGERNAME>
<AMOUNT>2250.000000000</AMOUNT>
</ALLLEDGERENTRIES.LIST>
<ALLLEDGERENTRIES.LIST>
<REMOVEZEROENTRIES>No</REMOVEZEROENTRIES>
<ISDEEMEDPOSITIVE>No</ISDEEMEDPOSITIVE>
<LEDGERFROMITEM>No</LEDGERFROMITEM>
<LEDGERNAME>SGST</LEDGERNAME>
<AMOUNT>2250.000000000</AMOUNT>
</ALLLEDGERENTRIES.LIST>
<ALLLEDGERENTRIES.LIST>
<REMOVEZEROENTRIES>No</REMOVEZEROENTRIES>
<ISDEEMEDPOSITIVE>No</ISDEEMEDPOSITIVE>
<LEDGERFROMITEM>No</LEDGERFROMITEM>
<LEDGERNAME>Container Handling Services-Export-GST</LEDGERNAME>
<AMOUNT>200.000</AMOUNT>
</ALLLEDGERENTRIES.LIST>
<ALLLEDGERENTRIES.LIST>
<REMOVEZEROENTRIES>No</REMOVEZEROENTRIES>
<ISDEEMEDPOSITIVE>No</ISDEEMEDPOSITIVE>
<LEDGERFROMITEM>No</LEDGERFROMITEM>
<LEDGERNAME>CGST</LEDGERNAME>
<AMOUNT>18.000000000</AMOUNT>
</ALLLEDGERENTRIES.LIST>
<ALLLEDGERENTRIES.LIST>
<REMOVEZEROENTRIES>No</REMOVEZEROENTRIES>
<ISDEEMEDPOSITIVE>No</ISDEEMEDPOSITIVE>
<LEDGERFROMITEM>No</LEDGERFROMITEM>
<LEDGERNAME>SGST</LEDGERNAME>
<AMOUNT>18.000000000</AMOUNT>
</ALLLEDGERENTRIES.LIST>
<ALLLEDGERENTRIES.LIST>
<REMOVEZEROENTRIES>No</REMOVEZEROENTRIES>
<ISDEEMEDPOSITIVE>No</ISDEEMEDPOSITIVE>
<LEDGERFROMITEM>No</LEDGERFROMITEM>
<LEDGERNAME>Container Handling Services-Export-GST</LEDGERNAME>
<AMOUNT>6500.000</AMOUNT>
</ALLLEDGERENTRIES.LIST>
<ALLLEDGERENTRIES.LIST>
<REMOVEZEROENTRIES>No</REMOVEZEROENTRIES>
<ISDEEMEDPOSITIVE>No</ISDEEMEDPOSITIVE>
<LEDGERFROMITEM>No</LEDGERFROMITEM>
<LEDGERNAME>CGST</LEDGERNAME>
<AMOUNT>585.000000000</AMOUNT>
</ALLLEDGERENTRIES.LIST>
<ALLLEDGERENTRIES.LIST>
<REMOVEZEROENTRIES>No</REMOVEZEROENTRIES>
<ISDEEMEDPOSITIVE>No</ISDEEMEDPOSITIVE>
<LEDGERFROMITEM>No</LEDGERFROMITEM>
<LEDGERNAME>SGST</LEDGERNAME>
<AMOUNT>585.000000000</AMOUNT>
</ALLLEDGERENTRIES.LIST>
<ALLLEDGERENTRIES.LIST>
<REMOVEZEROENTRIES>No</REMOVEZEROENTRIES>
<ISDEEMEDPOSITIVE>No</ISDEEMEDPOSITIVE>
<LEDGERFROMITEM>No</LEDGERFROMITEM>
<LEDGERNAME>SHORT AND EXCESS</LEDGERNAME>
<AMOUNT>0.000</AMOUNT>
</ALLLEDGERENTRIES.LIST>
</VOUCHER>
<VOUCHER>
<ISOPTIONAL>No</ISOPTIONAL>
<USEFORGAINLOSS>No</USEFORGAINLOSS>
<USEFORCOMPOUND>No</USEFORCOMPOUND>
<VOUCHERTYPENAME>Sales-Export-CFSM</VOUCHERTYPENAME>
<DATE>20200205</DATE>
<EFFECTIVEDATE>20200205</EFFECTIVEDATE>
<ISCANCELLED>No</ISCANCELLED>
<USETRACKINGNUMBER>No</USETRACKINGNUMBER>
<ISPOSTDATED>No</ISPOSTDATED>
<ISINVOICE>No</ISINVOICE>
<DIFFACTUALQTY>No</DIFFACTUALQTY>
<VOUCHERNUMBER>ALSE005407/19-20</VOUCHERNUMBER>
<PARTYLEDGERNAME>SCA Logistics Pvt Ltd</PARTYLEDGERNAME>
<STATENAME>Maharashtra</STATENAME>
<NARRATION>Being amount debited toward export, Shipping Bill No: 1077937, Exporter: SIDDHARTH CARBOCHEM PRODUCTS LTD, Invoice No: ALSE005407/19-20</NARRATION>
<PARTYGSTIN>27AATCS5493F1ZO</PARTYGSTIN>
<ALLLEDGERENTRIES.LIST>
<REMOVEZEROENTRIES>No</REMOVEZEROENTRIES>
<ISDEEMEDPOSITIVE>Yes</ISDEEMEDPOSITIVE>
<LEDGERFROMITEM>No</LEDGERFROMITEM>
<LEDGERNAME>SCA Logistics Pvt Ltd</LEDGERNAME>
<AMOUNT>-22892.000</AMOUNT>
<BILLALLOCATIONS.LIST>
<NAME>ALSE005407/19-20</NAME>
<BILLCREDITPERIOD>15 Days</BILLCREDITPERIOD>
<BILLTYPE>New Ref</BILLTYPE>
<AMOUNT>-22892.000</AMOUNT>
</BILLALLOCATIONS.LIST>
</ALLLEDGERENTRIES.LIST>
<ALLLEDGERENTRIES.LIST>
<REMOVEZEROENTRIES>No</REMOVEZEROENTRIES>
<ISDEEMEDPOSITIVE>No</ISDEEMEDPOSITIVE>
<LEDGERFROMITEM>No</LEDGERFROMITEM>
<LEDGERNAME>Container Handling Services-Export-GST</LEDGERNAME>
<AMOUNT>9600.000</AMOUNT>
</ALLLEDGERENTRIES.LIST>
<ALLLEDGERENTRIES.LIST>
<REMOVEZEROENTRIES>No</REMOVEZEROENTRIES>
<ISDEEMEDPOSITIVE>No</ISDEEMEDPOSITIVE>
<LEDGERFROMITEM>No</LEDGERFROMITEM>
<LEDGERNAME>CGST</LEDGERNAME>
<AMOUNT>864.000000000</AMOUNT>
</ALLLEDGERENTRIES.LIST>
<ALLLEDGERENTRIES.LIST>
<REMOVEZEROENTRIES>No</REMOVEZEROENTRIES>
<ISDEEMEDPOSITIVE>No</ISDEEMEDPOSITIVE>
<LEDGERFROMITEM>No</LEDGERFROMITEM>
<LEDGERNAME>SGST</LEDGERNAME>
<AMOUNT>864.000000000</AMOUNT>
</ALLLEDGERENTRIES.LIST>
<ALLLEDGERENTRIES.LIST>
<REMOVEZEROENTRIES>No</REMOVEZEROENTRIES>
<ISDEEMEDPOSITIVE>No</ISDEEMEDPOSITIVE>
<LEDGERFROMITEM>No</LEDGERFROMITEM>
<LEDGERNAME>Container Handling Services-Export-GST</LEDGERNAME>
<AMOUNT>1500.000</AMOUNT>
</ALLLEDGERENTRIES.LIST>
<ALLLEDGERENTRIES.LIST>
<REMOVEZEROENTRIES>No</REMOVEZEROENTRIES>
<ISDEEMEDPOSITIVE>No</ISDEEMEDPOSITIVE>
<LEDGERFROMITEM>No</LEDGERFROMITEM>
<LEDGERNAME>CGST</LEDGERNAME>
<AMOUNT>135.000000000</AMOUNT>
</ALLLEDGERENTRIES.LIST>
<ALLLEDGERENTRIES.LIST>
<REMOVEZEROENTRIES>No</REMOVEZEROENTRIES>
<ISDEEMEDPOSITIVE>No</ISDEEMEDPOSITIVE>
<LEDGERFROMITEM>No</LEDGERFROMITEM>
<LEDGERNAME>SGST</LEDGERNAME>
<AMOUNT>135.000000000</AMOUNT>
</ALLLEDGERENTRIES.LIST>
<ALLLEDGERENTRIES.LIST>
<REMOVEZEROENTRIES>No</REMOVEZEROENTRIES>
<ISDEEMEDPOSITIVE>No</ISDEEMEDPOSITIVE>
<LEDGERFROMITEM>No</LEDGERFROMITEM>
<LEDGERNAME>Container Handling Services-Export-GST</LEDGERNAME>
<AMOUNT>5000.000</AMOUNT>
</ALLLEDGERENTRIES.LIST>
<ALLLEDGERENTRIES.LIST>
<REMOVEZEROENTRIES>No</REMOVEZEROENTRIES>
<ISDEEMEDPOSITIVE>No</ISDEEMEDPOSITIVE>
<LEDGERFROMITEM>No</LEDGERFROMITEM>
<LEDGERNAME>CGST</LEDGERNAME>
<AMOUNT>450.000000000</AMOUNT>
</ALLLEDGERENTRIES.LIST>
<ALLLEDGERENTRIES.LIST>
<REMOVEZEROENTRIES>No</REMOVEZEROENTRIES>
<ISDEEMEDPOSITIVE>No</ISDEEMEDPOSITIVE>
<LEDGERFROMITEM>No</LEDGERFROMITEM>
<LEDGERNAME>SGST</LEDGERNAME>
<AMOUNT>450.000000000</AMOUNT>
</ALLLEDGERENTRIES.LIST>
<ALLLEDGERENTRIES.LIST>
<REMOVEZEROENTRIES>No</REMOVEZEROENTRIES>
<ISDEEMEDPOSITIVE>No</ISDEEMEDPOSITIVE>
<LEDGERFROMITEM>No</LEDGERFROMITEM>
<LEDGERNAME>Container Handling Services-Export-GST</LEDGERNAME>
<AMOUNT>1800.000</AMOUNT>
</ALLLEDGERENTRIES.LIST>
<ALLLEDGERENTRIES.LIST>
<REMOVEZEROENTRIES>No</REMOVEZEROENTRIES>
<ISDEEMEDPOSITIVE>No</ISDEEMEDPOSITIVE>
<LEDGERFROMITEM>No</LEDGERFROMITEM>
<LEDGERNAME>CGST</LEDGERNAME>
<AMOUNT>162.000000000</AMOUNT>
</ALLLEDGERENTRIES.LIST>
<ALLLEDGERENTRIES.LIST>
<REMOVEZEROENTRIES>No</REMOVEZEROENTRIES>
<ISDEEMEDPOSITIVE>No</ISDEEMEDPOSITIVE>
<LEDGERFROMITEM>No</LEDGERFROMITEM>
<LEDGERNAME>SGST</LEDGERNAME>
<AMOUNT>162.000000000</AMOUNT>
</ALLLEDGERENTRIES.LIST>
<ALLLEDGERENTRIES.LIST>
<REMOVEZEROENTRIES>No</REMOVEZEROENTRIES>
<ISDEEMEDPOSITIVE>No</ISDEEMEDPOSITIVE>
<LEDGERFROMITEM>No</LEDGERFROMITEM>
<LEDGERNAME>Container Handling Services-Export-GST</LEDGERNAME>
<AMOUNT>1500.000</AMOUNT>
</ALLLEDGERENTRIES.LIST>
<ALLLEDGERENTRIES.LIST>
<REMOVEZEROENTRIES>No</REMOVEZEROENTRIES>
<ISDEEMEDPOSITIVE>No</ISDEEMEDPOSITIVE>
<LEDGERFROMITEM>No</LEDGERFROMITEM>
<LEDGERNAME>CGST</LEDGERNAME>
<AMOUNT>135.000000000</AMOUNT>
</ALLLEDGERENTRIES.LIST>
<ALLLEDGERENTRIES.LIST>
<REMOVEZEROENTRIES>No</REMOVEZEROENTRIES>
<ISDEEMEDPOSITIVE>No</ISDEEMEDPOSITIVE>
<LEDGERFROMITEM>No</LEDGERFROMITEM>
<LEDGERNAME>SGST</LEDGERNAME>
<AMOUNT>135.000000000</AMOUNT>
</ALLLEDGERENTRIES.LIST>
<ALLLEDGERENTRIES.LIST>
<REMOVEZEROENTRIES>No</REMOVEZEROENTRIES>
<ISDEEMEDPOSITIVE>No</ISDEEMEDPOSITIVE>
<LEDGERFROMITEM>No</LEDGERFROMITEM>
<LEDGERNAME>SHORT AND EXCESS</LEDGERNAME>
<AMOUNT>0.000</AMOUNT>
</ALLLEDGERENTRIES.LIST>
</VOUCHER>
<VOUCHER>
<ISOPTIONAL>No</ISOPTIONAL>
<USEFORGAINLOSS>No</USEFORGAINLOSS>
<USEFORCOMPOUND>No</USEFORCOMPOUND>
<VOUCHERTYPENAME>Sales-Export-CFSM</VOUCHERTYPENAME>
<DATE>20200205</DATE>
<EFFECTIVEDATE>20200205</EFFECTIVEDATE>
<ISCANCELLED>No</ISCANCELLED>
<USETRACKINGNUMBER>No</USETRACKINGNUMBER>
<ISPOSTDATED>No</ISPOSTDATED>
<ISINVOICE>No</ISINVOICE>
<DIFFACTUALQTY>No</DIFFACTUALQTY>
<VOUCHERNUMBER>ALSE005409/19-20</VOUCHERNUMBER>
<PARTYLEDGERNAME>SCA Logistics Pvt Ltd</PARTYLEDGERNAME>
<STATENAME>Maharashtra</STATENAME>
<NARRATION>Being amount debited toward export, Shipping Bill No: 1101903, Exporter: EMIL PHARMACEUTICAL INDUSTRIES PVT LTD, Invoice No: ALSE005409/19-20</NARRATION>
<PARTYGSTIN>27AATCS5493F1ZO</PARTYGSTIN>
<ALLLEDGERENTRIES.LIST>
<REMOVEZEROENTRIES>No</REMOVEZEROENTRIES>
<ISDEEMEDPOSITIVE>Yes</ISDEEMEDPOSITIVE>
<LEDGERFROMITEM>No</LEDGERFROMITEM>
<LEDGERNAME>SCA Logistics Pvt Ltd</LEDGERNAME>
<AMOUNT>-9440.000</AMOUNT>
<BILLALLOCATIONS.LIST>
<NAME>ALSE005409/19-20</NAME>
<BILLCREDITPERIOD>15 Days</BILLCREDITPERIOD>
<BILLTYPE>New Ref</BILLTYPE>
<AMOUNT>-9440.000</AMOUNT>
</BILLALLOCATIONS.LIST>
</ALLLEDGERENTRIES.LIST>
<ALLLEDGERENTRIES.LIST>
<REMOVEZEROENTRIES>No</REMOVEZEROENTRIES>
<ISDEEMEDPOSITIVE>No</ISDEEMEDPOSITIVE>
<LEDGERFROMITEM>No</LEDGERFROMITEM>
<LEDGERNAME>Container Handling Services-Export-GST</LEDGERNAME>
<AMOUNT>1500.000</AMOUNT>
</ALLLEDGERENTRIES.LIST>
<ALLLEDGERENTRIES.LIST>
<REMOVEZEROENTRIES>No</REMOVEZEROENTRIES>
<ISDEEMEDPOSITIVE>No</ISDEEMEDPOSITIVE>
<LEDGERFROMITEM>No</LEDGERFROMITEM>
<LEDGERNAME>CGST</LEDGERNAME>
<AMOUNT>135.000000000</AMOUNT>
</ALLLEDGERENTRIES.LIST>
<ALLLEDGERENTRIES.LIST>
<REMOVEZEROENTRIES>No</REMOVEZEROENTRIES>
<ISDEEMEDPOSITIVE>No</ISDEEMEDPOSITIVE>
<LEDGERFROMITEM>No</LEDGERFROMITEM>
<LEDGERNAME>SGST</LEDGERNAME>
<AMOUNT>135.000000000</AMOUNT>
</ALLLEDGERENTRIES.LIST>
<ALLLEDGERENTRIES.LIST>
<REMOVEZEROENTRIES>No</REMOVEZEROENTRIES>
<ISDEEMEDPOSITIVE>No</ISDEEMEDPOSITIVE>
<LEDGERFROMITEM>No</LEDGERFROMITEM>
<LEDGERNAME>Container Handling Services-Export-GST</LEDGERNAME>
<AMOUNT>5000.000</AMOUNT>
</ALLLEDGERENTRIES.LIST>
<ALLLEDGERENTRIES.LIST>
<REMOVEZEROENTRIES>No</REMOVEZEROENTRIES>
<ISDEEMEDPOSITIVE>No</ISDEEMEDPOSITIVE>
<LEDGERFROMITEM>No</LEDGERFROMITEM>
<LEDGERNAME>CGST</LEDGERNAME>
<AMOUNT>450.000000000</AMOUNT>
</ALLLEDGERENTRIES.LIST>
<ALLLEDGERENTRIES.LIST>
<REMOVEZEROENTRIES>No</REMOVEZEROENTRIES>
<ISDEEMEDPOSITIVE>No</ISDEEMEDPOSITIVE>
<LEDGERFROMITEM>No</LEDGERFROMITEM>
<LEDGERNAME>SGST</LEDGERNAME>
<AMOUNT>450.000000000</AMOUNT>
</ALLLEDGERENTRIES.LIST>
<ALLLEDGERENTRIES.LIST>
<REMOVEZEROENTRIES>No</REMOVEZEROENTRIES>
<ISDEEMEDPOSITIVE>No</ISDEEMEDPOSITIVE>
<LEDGERFROMITEM>No</LEDGERFROMITEM>
<LEDGERNAME>Container Handling Services-Export-GST</LEDGERNAME>
<AMOUNT>1500.000</AMOUNT>
</ALLLEDGERENTRIES.LIST>
<ALLLEDGERENTRIES.LIST>
<REMOVEZEROENTRIES>No</REMOVEZEROENTRIES>
<ISDEEMEDPOSITIVE>No</ISDEEMEDPOSITIVE>
<LEDGERFROMITEM>No</LEDGERFROMITEM>
<LEDGERNAME>CGST</LEDGERNAME>
<AMOUNT>135.000000000</AMOUNT>
</ALLLEDGERENTRIES.LIST>
<ALLLEDGERENTRIES.LIST>
<REMOVEZEROENTRIES>No</REMOVEZEROENTRIES>
<ISDEEMEDPOSITIVE>No</ISDEEMEDPOSITIVE>
<LEDGERFROMITEM>No</LEDGERFROMITEM>
<LEDGERNAME>SGST</LEDGERNAME>
<AMOUNT>135.000000000</AMOUNT>
</ALLLEDGERENTRIES.LIST>
<ALLLEDGERENTRIES.LIST>
<REMOVEZEROENTRIES>No</REMOVEZEROENTRIES>
<ISDEEMEDPOSITIVE>No</ISDEEMEDPOSITIVE>
<LEDGERFROMITEM>No</LEDGERFROMITEM>
<LEDGERNAME>SHORT AND EXCESS</LEDGERNAME>
<AMOUNT>0.000</AMOUNT>
</ALLLEDGERENTRIES.LIST>
</VOUCHER>
<VOUCHER>
<ISOPTIONAL>No</ISOPTIONAL>
<USEFORGAINLOSS>No</USEFORGAINLOSS>
<USEFORCOMPOUND>No</USEFORCOMPOUND>
<VOUCHERTYPENAME>Sales-Export-CFSM</VOUCHERTYPENAME>
<DATE>20200205</DATE>
<EFFECTIVEDATE>20200205</EFFECTIVEDATE>
<ISCANCELLED>No</ISCANCELLED>
<USETRACKINGNUMBER>No</USETRACKINGNUMBER>
<ISPOSTDATED>No</ISPOSTDATED>
<ISINVOICE>No</ISINVOICE>
<DIFFACTUALQTY>No</DIFFACTUALQTY>
<VOUCHERNUMBER>ALSE005411/19-20</VOUCHERNUMBER>
<PARTYLEDGERNAME>P N CLEARING AND FORWADING</PARTYLEDGERNAME>
<STATENAME>Maharashtra</STATENAME>
<NARRATION>Being amount debited toward export, Shipping Bill No: 9320731, Exporter: SAKAMBHARI MARKETING PVT LTD, Invoice No: ALSE005411/19-20</NARRATION>
<PARTYGSTIN>27AFPPD0843L1Z9</PARTYGSTIN>
<ALLLEDGERENTRIES.LIST>
<REMOVEZEROENTRIES>No</REMOVEZEROENTRIES>
<ISDEEMEDPOSITIVE>Yes</ISDEEMEDPOSITIVE>
<LEDGERFROMITEM>No</LEDGERFROMITEM>
<LEDGERNAME>P N CLEARING AND FORWADING</LEDGERNAME>
<AMOUNT>-27560.000</AMOUNT>
<BILLALLOCATIONS.LIST>
<NAME>ALSE005411/19-20</NAME>
<BILLCREDITPERIOD>15 Days</BILLCREDITPERIOD>
<BILLTYPE>New Ref</BILLTYPE>
<AMOUNT>-27560.000</AMOUNT>
</BILLALLOCATIONS.LIST>
</ALLLEDGERENTRIES.LIST>
<ALLLEDGERENTRIES.LIST>
<REMOVEZEROENTRIES>No</REMOVEZEROENTRIES>
<ISDEEMEDPOSITIVE>No</ISDEEMEDPOSITIVE>
<LEDGERFROMITEM>No</LEDGERFROMITEM>
<LEDGERNAME>Other Storage and Warehousing Services-Export-GST</LEDGERNAME>
<AMOUNT>10805.600</AMOUNT>
</ALLLEDGERENTRIES.LIST>
<ALLLEDGERENTRIES.LIST>
<REMOVEZEROENTRIES>No</REMOVEZEROENTRIES>
<ISDEEMEDPOSITIVE>No</ISDEEMEDPOSITIVE>
<LEDGERFROMITEM>No</LEDGERFROMITEM>
<LEDGERNAME>CGST</LEDGERNAME>
<AMOUNT>972.500000000</AMOUNT>
</ALLLEDGERENTRIES.LIST>
<ALLLEDGERENTRIES.LIST>
<REMOVEZEROENTRIES>No</REMOVEZEROENTRIES>
<ISDEEMEDPOSITIVE>No</ISDEEMEDPOSITIVE>
<LEDGERFROMITEM>No</LEDGERFROMITEM>
<LEDGERNAME>SGST</LEDGERNAME>
<AMOUNT>972.500000000</AMOUNT>
</ALLLEDGERENTRIES.LIST>
<ALLLEDGERENTRIES.LIST>
<REMOVEZEROENTRIES>No</REMOVEZEROENTRIES>
<ISDEEMEDPOSITIVE>No</ISDEEMEDPOSITIVE>
<LEDGERFROMITEM>No</LEDGERFROMITEM>
<LEDGERNAME>Container Handling Services-Export-GST</LEDGERNAME>
<AMOUNT>3000.000</AMOUNT>
</ALLLEDGERENTRIES.LIST>
<ALLLEDGERENTRIES.LIST>
<REMOVEZEROENTRIES>No</REMOVEZEROENTRIES>
<ISDEEMEDPOSITIVE>No</ISDEEMEDPOSITIVE>
<LEDGERFROMITEM>No</LEDGERFROMITEM>
<LEDGERNAME>CGST</LEDGERNAME>
<AMOUNT>270.000000000</AMOUNT>
</ALLLEDGERENTRIES.LIST>
<ALLLEDGERENTRIES.LIST>
<REMOVEZEROENTRIES>No</REMOVEZEROENTRIES>
<ISDEEMEDPOSITIVE>No</ISDEEMEDPOSITIVE>
<LEDGERFROMITEM>No</LEDGERFROMITEM>
<LEDGERNAME>SGST</LEDGERNAME>
<AMOUNT>270.000000000</AMOUNT>
</ALLLEDGERENTRIES.LIST>
<ALLLEDGERENTRIES.LIST>
<REMOVEZEROENTRIES>No</REMOVEZEROENTRIES>
<ISDEEMEDPOSITIVE>No</ISDEEMEDPOSITIVE>
<LEDGERFROMITEM>No</LEDGERFROMITEM>
<LEDGERNAME>Container Handling Services-Export-GST</LEDGERNAME>
<AMOUNT>6500.000</AMOUNT>
</ALLLEDGERENTRIES.LIST>
<ALLLEDGERENTRIES.LIST>
<REMOVEZEROENTRIES>No</REMOVEZEROENTRIES>
<ISDEEMEDPOSITIVE>No</ISDEEMEDPOSITIVE>
<LEDGERFROMITEM>No</LEDGERFROMITEM>
<LEDGERNAME>CGST</LEDGERNAME>
<AMOUNT>585.000000000</AMOUNT>
</ALLLEDGERENTRIES.LIST>
<ALLLEDGERENTRIES.LIST>
<REMOVEZEROENTRIES>No</REMOVEZEROENTRIES>
<ISDEEMEDPOSITIVE>No</ISDEEMEDPOSITIVE>
<LEDGERFROMITEM>No</LEDGERFROMITEM>
<LEDGERNAME>SGST</LEDGERNAME>
<AMOUNT>585.000000000</AMOUNT>
</ALLLEDGERENTRIES.LIST>
<ALLLEDGERENTRIES.LIST>
<REMOVEZEROENTRIES>No</REMOVEZEROENTRIES>
<ISDEEMEDPOSITIVE>No</ISDEEMEDPOSITIVE>
<LEDGERFROMITEM>No</LEDGERFROMITEM>
<LEDGERNAME>Other Storage and Warehousing Services-Export-GST</LEDGERNAME>
<AMOUNT>150.000</AMOUNT>
</ALLLEDGERENTRIES.LIST>
<ALLLEDGERENTRIES.LIST>
<REMOVEZEROENTRIES>No</REMOVEZEROENTRIES>
<ISDEEMEDPOSITIVE>No</ISDEEMEDPOSITIVE>
<LEDGERFROMITEM>No</LEDGERFROMITEM>
<LEDGERNAME>CGST</LEDGERNAME>
<AMOUNT>13.500000000</AMOUNT>
</ALLLEDGERENTRIES.LIST>
<ALLLEDGERENTRIES.LIST>
<REMOVEZEROENTRIES>No</REMOVEZEROENTRIES>
<ISDEEMEDPOSITIVE>No</ISDEEMEDPOSITIVE>
<LEDGERFROMITEM>No</LEDGERFROMITEM>
<LEDGERNAME>SGST</LEDGERNAME>
<AMOUNT>13.500000000</AMOUNT>
</ALLLEDGERENTRIES.LIST>
<ALLLEDGERENTRIES.LIST>
<REMOVEZEROENTRIES>No</REMOVEZEROENTRIES>
<ISDEEMEDPOSITIVE>No</ISDEEMEDPOSITIVE>
<LEDGERFROMITEM>No</LEDGERFROMITEM>
<LEDGERNAME>Container Handling Services-Export-GST</LEDGERNAME>
<AMOUNT>400.000</AMOUNT>
</ALLLEDGERENTRIES.LIST>
<ALLLEDGERENTRIES.LIST>
<REMOVEZEROENTRIES>No</REMOVEZEROENTRIES>
<ISDEEMEDPOSITIVE>No</ISDEEMEDPOSITIVE>
<LEDGERFROMITEM>No</LEDGERFROMITEM>
<LEDGERNAME>CGST</LEDGERNAME>
<AMOUNT>36.000000000</AMOUNT>
</ALLLEDGERENTRIES.LIST>
<ALLLEDGERENTRIES.LIST>
<REMOVEZEROENTRIES>No</REMOVEZEROENTRIES>
<ISDEEMEDPOSITIVE>No</ISDEEMEDPOSITIVE>
<LEDGERFROMITEM>No</LEDGERFROMITEM>
<LEDGERNAME>SGST</LEDGERNAME>
<AMOUNT>36.000000000</AMOUNT>
</ALLLEDGERENTRIES.LIST>
<ALLLEDGERENTRIES.LIST>
<REMOVEZEROENTRIES>No</REMOVEZEROENTRIES>
<ISDEEMEDPOSITIVE>No</ISDEEMEDPOSITIVE>
<LEDGERFROMITEM>No</LEDGERFROMITEM>
<LEDGERNAME>Container Handling Services-Export-GST</LEDGERNAME>
<AMOUNT>2500.000</AMOUNT>
</ALLLEDGERENTRIES.LIST>
<ALLLEDGERENTRIES.LIST>
<REMOVEZEROENTRIES>No</REMOVEZEROENTRIES>
<ISDEEMEDPOSITIVE>No</ISDEEMEDPOSITIVE>
<LEDGERFROMITEM>No</LEDGERFROMITEM>
<LEDGERNAME>CGST</LEDGERNAME>
<AMOUNT>225.000000000</AMOUNT>
</ALLLEDGERENTRIES.LIST>
<ALLLEDGERENTRIES.LIST>
<REMOVEZEROENTRIES>No</REMOVEZEROENTRIES>
<ISDEEMEDPOSITIVE>No</ISDEEMEDPOSITIVE>
<LEDGERFROMITEM>No</LEDGERFROMITEM>
<LEDGERNAME>SGST</LEDGERNAME>
<AMOUNT>225.000000000</AMOUNT>
</ALLLEDGERENTRIES.LIST>
<ALLLEDGERENTRIES.LIST>
<REMOVEZEROENTRIES>No</REMOVEZEROENTRIES>
<ISDEEMEDPOSITIVE>No</ISDEEMEDPOSITIVE>
<LEDGERFROMITEM>No</LEDGERFROMITEM>
<LEDGERNAME>SHORT AND EXCESS</LEDGERNAME>
<AMOUNT>0.400</AMOUNT>
</ALLLEDGERENTRIES.LIST>
</VOUCHER>
<VOUCHER>
<ISOPTIONAL>No</ISOPTIONAL>
<USEFORGAINLOSS>No</USEFORGAINLOSS>
<USEFORCOMPOUND>No</USEFORCOMPOUND>
<VOUCHERTYPENAME>Sales-Export-CFSM</VOUCHERTYPENAME>
<DATE>20200205</DATE>
<EFFECTIVEDATE>20200205</EFFECTIVEDATE>
<ISCANCELLED>No</ISCANCELLED>
<USETRACKINGNUMBER>No</USETRACKINGNUMBER>
<ISPOSTDATED>No</ISPOSTDATED>
<ISINVOICE>No</ISINVOICE>
<DIFFACTUALQTY>No</DIFFACTUALQTY>
<VOUCHERNUMBER>ALSE005410/19-20</VOUCHERNUMBER>
<PARTYLEDGERNAME>Rashi Cargo Movers</PARTYLEDGERNAME>
<STATENAME>Maharashtra</STATENAME>
<NARRATION>Being amount debited toward export, Shipping Bill No: 1096224, Exporter: DML EXIM PVT LTD, Invoice No: ALSE005410/19-20</NARRATION>
<PARTYGSTIN>27ALGPB0382D2ZL</PARTYGSTIN>
<ALLLEDGERENTRIES.LIST>
<REMOVEZEROENTRIES>No</REMOVEZEROENTRIES>
<ISDEEMEDPOSITIVE>Yes</ISDEEMEDPOSITIVE>
<LEDGERFROMITEM>No</LEDGERFROMITEM>
<LEDGERNAME>Rashi Cargo Movers</LEDGERNAME>
<AMOUNT>-36816.000</AMOUNT>
<BILLALLOCATIONS.LIST>
<NAME>ALSE005410/19-20</NAME>
<BILLCREDITPERIOD>37 Days</BILLCREDITPERIOD>
<BILLTYPE>New Ref</BILLTYPE>
<AMOUNT>-36816.000</AMOUNT>
</BILLALLOCATIONS.LIST>
</ALLLEDGERENTRIES.LIST>
<ALLLEDGERENTRIES.LIST>
<REMOVEZEROENTRIES>No</REMOVEZEROENTRIES>
<ISDEEMEDPOSITIVE>No</ISDEEMEDPOSITIVE>
<LEDGERFROMITEM>No</LEDGERFROMITEM>
<LEDGERNAME>Container Handling Services-Export-GST</LEDGERNAME>
<AMOUNT>6000.000</AMOUNT>
</ALLLEDGERENTRIES.LIST>
<ALLLEDGERENTRIES.LIST>
<REMOVEZEROENTRIES>No</REMOVEZEROENTRIES>
<ISDEEMEDPOSITIVE>No</ISDEEMEDPOSITIVE>
<LEDGERFROMITEM>No</LEDGERFROMITEM>
<LEDGERNAME>CGST</LEDGERNAME>
<AMOUNT>540.000000000</AMOUNT>
</ALLLEDGERENTRIES.LIST>
<ALLLEDGERENTRIES.LIST>
<REMOVEZEROENTRIES>No</REMOVEZEROENTRIES>
<ISDEEMEDPOSITIVE>No</ISDEEMEDPOSITIVE>
<LEDGERFROMITEM>No</LEDGERFROMITEM>
<LEDGERNAME>SGST</LEDGERNAME>
<AMOUNT>540.000000000</AMOUNT>
</ALLLEDGERENTRIES.LIST>
<ALLLEDGERENTRIES.LIST>
<REMOVEZEROENTRIES>No</REMOVEZEROENTRIES>
<ISDEEMEDPOSITIVE>No</ISDEEMEDPOSITIVE>
<LEDGERFROMITEM>No</LEDGERFROMITEM>
<LEDGERNAME>Container Handling Services-Export-GST</LEDGERNAME>
<AMOUNT>20000.000</AMOUNT>
</ALLLEDGERENTRIES.LIST>
<ALLLEDGERENTRIES.LIST>
<REMOVEZEROENTRIES>No</REMOVEZEROENTRIES>
<ISDEEMEDPOSITIVE>No</ISDEEMEDPOSITIVE>
<LEDGERFROMITEM>No</LEDGERFROMITEM>
<LEDGERNAME>CGST</LEDGERNAME>
<AMOUNT>1800.000000000</AMOUNT>
</ALLLEDGERENTRIES.LIST>
<ALLLEDGERENTRIES.LIST>
<REMOVEZEROENTRIES>No</REMOVEZEROENTRIES>
<ISDEEMEDPOSITIVE>No</ISDEEMEDPOSITIVE>
<LEDGERFROMITEM>No</LEDGERFROMITEM>
<LEDGERNAME>SGST</LEDGERNAME>
<AMOUNT>1800.000000000</AMOUNT>
</ALLLEDGERENTRIES.LIST>
<ALLLEDGERENTRIES.LIST>
<REMOVEZEROENTRIES>No</REMOVEZEROENTRIES>
<ISDEEMEDPOSITIVE>No</ISDEEMEDPOSITIVE>
<LEDGERFROMITEM>No</LEDGERFROMITEM>
<LEDGERNAME>Container Handling Services-Export-GST</LEDGERNAME>
<AMOUNT>1300.000</AMOUNT>
</ALLLEDGERENTRIES.LIST>
<ALLLEDGERENTRIES.LIST>
<REMOVEZEROENTRIES>No</REMOVEZEROENTRIES>
<ISDEEMEDPOSITIVE>No</ISDEEMEDPOSITIVE>
<LEDGERFROMITEM>No</LEDGERFROMITEM>
<LEDGERNAME>CGST</LEDGERNAME>
<AMOUNT>117.000000000</AMOUNT>
</ALLLEDGERENTRIES.LIST>
<ALLLEDGERENTRIES.LIST>
<REMOVEZEROENTRIES>No</REMOVEZEROENTRIES>
<ISDEEMEDPOSITIVE>No</ISDEEMEDPOSITIVE>
<LEDGERFROMITEM>No</LEDGERFROMITEM>
<LEDGERNAME>SGST</LEDGERNAME>
<AMOUNT>117.000000000</AMOUNT>
</ALLLEDGERENTRIES.LIST>
<ALLLEDGERENTRIES.LIST>
<REMOVEZEROENTRIES>No</REMOVEZEROENTRIES>
<ISDEEMEDPOSITIVE>No</ISDEEMEDPOSITIVE>
<LEDGERFROMITEM>No</LEDGERFROMITEM>
<LEDGERNAME>Container Handling Services-Export-GST</LEDGERNAME>
<AMOUNT>3900.000</AMOUNT>
</ALLLEDGERENTRIES.LIST>
<ALLLEDGERENTRIES.LIST>
<REMOVEZEROENTRIES>No</REMOVEZEROENTRIES>
<ISDEEMEDPOSITIVE>No</ISDEEMEDPOSITIVE>
<LEDGERFROMITEM>No</LEDGERFROMITEM>
<LEDGERNAME>CGST</LEDGERNAME>
<AMOUNT>351.000000000</AMOUNT>
</ALLLEDGERENTRIES.LIST>
<ALLLEDGERENTRIES.LIST>
<REMOVEZEROENTRIES>No</REMOVEZEROENTRIES>
<ISDEEMEDPOSITIVE>No</ISDEEMEDPOSITIVE>
<LEDGERFROMITEM>No</LEDGERFROMITEM>
<LEDGERNAME>SGST</LEDGERNAME>
<AMOUNT>351.000000000</AMOUNT>
</ALLLEDGERENTRIES.LIST>
<ALLLEDGERENTRIES.LIST>
<REMOVEZEROENTRIES>No</REMOVEZEROENTRIES>
<ISDEEMEDPOSITIVE>No</ISDEEMEDPOSITIVE>
<LEDGERFROMITEM>No</LEDGERFROMITEM>
<LEDGERNAME>SHORT AND EXCESS</LEDGERNAME>
<AMOUNT>0.000</AMOUNT>
</ALLLEDGERENTRIES.LIST>
</VOUCHER>
<VOUCHER>
<ISOPTIONAL>No</ISOPTIONAL>
<USEFORGAINLOSS>No</USEFORGAINLOSS>
<USEFORCOMPOUND>No</USEFORCOMPOUND>
<VOUCHERTYPENAME>Sales-Export-CFSM</VOUCHERTYPENAME>
<DATE>20200205</DATE>
<EFFECTIVEDATE>20200205</EFFECTIVEDATE>
<ISCANCELLED>No</ISCANCELLED>
<USETRACKINGNUMBER>No</USETRACKINGNUMBER>
<ISPOSTDATED>No</ISPOSTDATED>
<ISINVOICE>No</ISINVOICE>
<DIFFACTUALQTY>No</DIFFACTUALQTY>
<VOUCHERNUMBER>ALSA001573/19-20</VOUCHERNUMBER>
<PARTYLEDGERNAME>V. Arjoon Shipping Pvt Limited-Export</PARTYLEDGERNAME>
<STATENAME>Maharashtra</STATENAME>
<NARRATION>Being amount debited toward export, Shipping Bill No: 1073718, Exporter: AL GYAS EXPORTS PVT LTD, Invoice No: ALSA001573/19-20</NARRATION>
<PARTYGSTIN>27AABCV9048H2ZZ</PARTYGSTIN>
<ALLLEDGERENTRIES.LIST>
<REMOVEZEROENTRIES>No</REMOVEZEROENTRIES>
<ISDEEMEDPOSITIVE>Yes</ISDEEMEDPOSITIVE>
<LEDGERFROMITEM>No</LEDGERFROMITEM>
<LEDGERNAME>V. Arjoon Shipping Pvt Limited-Export</LEDGERNAME>
<AMOUNT>-37375.000</AMOUNT>
<BILLALLOCATIONS.LIST>
<NAME>ALSA001573/19-20</NAME>
<BILLCREDITPERIOD>15 Days</BILLCREDITPERIOD>
<BILLTYPE>New Ref</BILLTYPE>
<AMOUNT>-37375.000</AMOUNT>
</BILLALLOCATIONS.LIST>
</ALLLEDGERENTRIES.LIST>
<ALLLEDGERENTRIES.LIST>
<REMOVEZEROENTRIES>No</REMOVEZEROENTRIES>
<ISDEEMEDPOSITIVE>No</ISDEEMEDPOSITIVE>
<LEDGERFROMITEM>No</LEDGERFROMITEM>
<LEDGERNAME>Container Handling Services-Export-NGST</LEDGERNAME>
<AMOUNT>7500.000</AMOUNT>
</ALLLEDGERENTRIES.LIST>
<ALLLEDGERENTRIES.LIST>
<REMOVEZEROENTRIES>No</REMOVEZEROENTRIES>
<ISDEEMEDPOSITIVE>No</ISDEEMEDPOSITIVE>
<LEDGERFROMITEM>No</LEDGERFROMITEM>
<LEDGERNAME>Container Handling Services-Export-NGST</LEDGERNAME>
<AMOUNT>25000.000</AMOUNT>
</ALLLEDGERENTRIES.LIST>
<ALLLEDGERENTRIES.LIST>
<REMOVEZEROENTRIES>No</REMOVEZEROENTRIES>
<ISDEEMEDPOSITIVE>No</ISDEEMEDPOSITIVE>
<LEDGERFROMITEM>No</LEDGERFROMITEM>
<LEDGERNAME>Container Handling Services-Export-NGST</LEDGERNAME>
<AMOUNT>4000.000</AMOUNT>
</ALLLEDGERENTRIES.LIST>
<ALLLEDGERENTRIES.LIST>
<REMOVEZEROENTRIES>No</REMOVEZEROENTRIES>
<ISDEEMEDPOSITIVE>No</ISDEEMEDPOSITIVE>
<LEDGERFROMITEM>No</LEDGERFROMITEM>
<LEDGERNAME>Other Storage and Warehousing Services-Export-NGST</LEDGERNAME>
<AMOUNT>874.800</AMOUNT>
</ALLLEDGERENTRIES.LIST>
<ALLLEDGERENTRIES.LIST>
<REMOVEZEROENTRIES>No</REMOVEZEROENTRIES>
<ISDEEMEDPOSITIVE>No</ISDEEMEDPOSITIVE>
<LEDGERFROMITEM>No</LEDGERFROMITEM>
<LEDGERNAME>SHORT AND EXCESS</LEDGERNAME>
<AMOUNT>0.200</AMOUNT>
</ALLLEDGERENTRIES.LIST>
</VOUCHER>
<VOUCHER>
<ISOPTIONAL>No</ISOPTIONAL>
<USEFORGAINLOSS>No</USEFORGAINLOSS>
<USEFORCOMPOUND>No</USEFORCOMPOUND>
<VOUCHERTYPENAME>Sales-Export-CFSM</VOUCHERTYPENAME>
<DATE>20200205</DATE>
<EFFECTIVEDATE>20200205</EFFECTIVEDATE>
<ISCANCELLED>No</ISCANCELLED>
<USETRACKINGNUMBER>No</USETRACKINGNUMBER>
<ISPOSTDATED>No</ISPOSTDATED>
<ISINVOICE>No</ISINVOICE>
<DIFFACTUALQTY>No</DIFFACTUALQTY>
<VOUCHERNUMBER>ALSE005412/19-20</VOUCHERNUMBER>
<PARTYLEDGERNAME>P N CLEARING AND FORWADING</PARTYLEDGERNAME>
<STATENAME>Maharashtra</STATENAME>
<NARRATION>Being amount debited toward export, Shipping Bill No: 1122458, Exporter: SAR INTERNATIONAL, Invoice No: ALSE005412/19-20</NARRATION>
<PARTYGSTIN>27AFPPD0843L1Z9</PARTYGSTIN>
<ALLLEDGERENTRIES.LIST>
<REMOVEZEROENTRIES>No</REMOVEZEROENTRIES>
<ISDEEMEDPOSITIVE>Yes</ISDEEMEDPOSITIVE>
<LEDGERFROMITEM>No</LEDGERFROMITEM>
<LEDGERNAME>P N CLEARING AND FORWADING</LEDGERNAME>
<AMOUNT>-14396.000</AMOUNT>
<BILLALLOCATIONS.LIST>
<NAME>ALSE005412/19-20</NAME>
<BILLCREDITPERIOD>15 Days</BILLCREDITPERIOD>
<BILLTYPE>New Ref</BILLTYPE>
<AMOUNT>-14396.000</AMOUNT>
</BILLALLOCATIONS.LIST>
</ALLLEDGERENTRIES.LIST>
<ALLLEDGERENTRIES.LIST>
<REMOVEZEROENTRIES>No</REMOVEZEROENTRIES>
<ISDEEMEDPOSITIVE>No</ISDEEMEDPOSITIVE>
<LEDGERFROMITEM>No</LEDGERFROMITEM>
<LEDGERNAME>Container Handling Services-Export-GST</LEDGERNAME>
<AMOUNT>3000.000</AMOUNT>
</ALLLEDGERENTRIES.LIST>
<ALLLEDGERENTRIES.LIST>
<REMOVEZEROENTRIES>No</REMOVEZEROENTRIES>
<ISDEEMEDPOSITIVE>No</ISDEEMEDPOSITIVE>
<LEDGERFROMITEM>No</LEDGERFROMITEM>
<LEDGERNAME>CGST</LEDGERNAME>
<AMOUNT>270.000000000</AMOUNT>
</ALLLEDGERENTRIES.LIST>
<ALLLEDGERENTRIES.LIST>
<REMOVEZEROENTRIES>No</REMOVEZEROENTRIES>
<ISDEEMEDPOSITIVE>No</ISDEEMEDPOSITIVE>
<LEDGERFROMITEM>No</LEDGERFROMITEM>
<LEDGERNAME>SGST</LEDGERNAME>
<AMOUNT>270.000000000</AMOUNT>
</ALLLEDGERENTRIES.LIST>
<ALLLEDGERENTRIES.LIST>
<REMOVEZEROENTRIES>No</REMOVEZEROENTRIES>
<ISDEEMEDPOSITIVE>No</ISDEEMEDPOSITIVE>
<LEDGERFROMITEM>No</LEDGERFROMITEM>
<LEDGERNAME>Container Handling Services-Export-GST</LEDGERNAME>
<AMOUNT>6500.000</AMOUNT>
</ALLLEDGERENTRIES.LIST>
<ALLLEDGERENTRIES.LIST>
<REMOVEZEROENTRIES>No</REMOVEZEROENTRIES>
<ISDEEMEDPOSITIVE>No</ISDEEMEDPOSITIVE>
<LEDGERFROMITEM>No</LEDGERFROMITEM>
<LEDGERNAME>CGST</LEDGERNAME>
<AMOUNT>585.000000000</AMOUNT>
</ALLLEDGERENTRIES.LIST>
<ALLLEDGERENTRIES.LIST>
<REMOVEZEROENTRIES>No</REMOVEZEROENTRIES>
<ISDEEMEDPOSITIVE>No</ISDEEMEDPOSITIVE>
<LEDGERFROMITEM>No</LEDGERFROMITEM>
<LEDGERNAME>SGST</LEDGERNAME>
<AMOUNT>585.000000000</AMOUNT>
</ALLLEDGERENTRIES.LIST>
<ALLLEDGERENTRIES.LIST>
<REMOVEZEROENTRIES>No</REMOVEZEROENTRIES>
<ISDEEMEDPOSITIVE>No</ISDEEMEDPOSITIVE>
<LEDGERFROMITEM>No</LEDGERFROMITEM>
<LEDGERNAME>Container Handling Services-Export-GST</LEDGERNAME>
<AMOUNT>200.000</AMOUNT>
</ALLLEDGERENTRIES.LIST>
<ALLLEDGERENTRIES.LIST>
<REMOVEZEROENTRIES>No</REMOVEZEROENTRIES>
<ISDEEMEDPOSITIVE>No</ISDEEMEDPOSITIVE>
<LEDGERFROMITEM>No</LEDGERFROMITEM>
<LEDGERNAME>CGST</LEDGERNAME>
<AMOUNT>18.000000000</AMOUNT>
</ALLLEDGERENTRIES.LIST>
<ALLLEDGERENTRIES.LIST>
<REMOVEZEROENTRIES>No</REMOVEZEROENTRIES>
<ISDEEMEDPOSITIVE>No</ISDEEMEDPOSITIVE>
<LEDGERFROMITEM>No</LEDGERFROMITEM>
<LEDGERNAME>SGST</LEDGERNAME>
<AMOUNT>18.000000000</AMOUNT>
</ALLLEDGERENTRIES.LIST>
<ALLLEDGERENTRIES.LIST>
<REMOVEZEROENTRIES>No</REMOVEZEROENTRIES>
<ISDEEMEDPOSITIVE>No</ISDEEMEDPOSITIVE>
<LEDGERFROMITEM>No</LEDGERFROMITEM>
<LEDGERNAME>Container Handling Services-Export-GST</LEDGERNAME>
<AMOUNT>2500.000</AMOUNT>
</ALLLEDGERENTRIES.LIST>
<ALLLEDGERENTRIES.LIST>
<REMOVEZEROENTRIES>No</REMOVEZEROENTRIES>
<ISDEEMEDPOSITIVE>No</ISDEEMEDPOSITIVE>
<LEDGERFROMITEM>No</LEDGERFROMITEM>
<LEDGERNAME>CGST</LEDGERNAME>
<AMOUNT>225.000000000</AMOUNT>
</ALLLEDGERENTRIES.LIST>
<ALLLEDGERENTRIES.LIST>
<REMOVEZEROENTRIES>No</REMOVEZEROENTRIES>
<ISDEEMEDPOSITIVE>No</ISDEEMEDPOSITIVE>
<LEDGERFROMITEM>No</LEDGERFROMITEM>
<LEDGERNAME>SGST</LEDGERNAME>
<AMOUNT>225.000000000</AMOUNT>
</ALLLEDGERENTRIES.LIST>
<ALLLEDGERENTRIES.LIST>
<REMOVEZEROENTRIES>No</REMOVEZEROENTRIES>
<ISDEEMEDPOSITIVE>No</ISDEEMEDPOSITIVE>
<LEDGERFROMITEM>No</LEDGERFROMITEM>
<LEDGERNAME>SHORT AND EXCESS</LEDGERNAME>
<AMOUNT>0.000</AMOUNT>
</ALLLEDGERENTRIES.LIST>
</VOUCHER>
<VOUCHER>
<ISOPTIONAL>No</ISOPTIONAL>
<USEFORGAINLOSS>No</USEFORGAINLOSS>
<USEFORCOMPOUND>No</USEFORCOMPOUND>
<VOUCHERTYPENAME>Sales-Export-CFSM</VOUCHERTYPENAME>
<DATE>20200205</DATE>
<EFFECTIVEDATE>20200205</EFFECTIVEDATE>
<ISCANCELLED>No</ISCANCELLED>
<USETRACKINGNUMBER>No</USETRACKINGNUMBER>
<ISPOSTDATED>No</ISPOSTDATED>
<ISINVOICE>No</ISINVOICE>
<DIFFACTUALQTY>No</DIFFACTUALQTY>
<VOUCHERNUMBER>ALSA001574/19-20</VOUCHERNUMBER>
<PARTYLEDGERNAME>V. Arjoon Shipping Pvt Limited-Export</PARTYLEDGERNAME>
<STATENAME>Maharashtra</STATENAME>
<NARRATION>Being amount debited toward export, Shipping Bill No: 1073718, Exporter: AL GYAS EXPORTS PVT LTD, Invoice No: ALSA001574/19-20</NARRATION>
<PARTYGSTIN>27AABCV9048H2ZZ</PARTYGSTIN>
<ALLLEDGERENTRIES.LIST>
<REMOVEZEROENTRIES>No</REMOVEZEROENTRIES>
<ISDEEMEDPOSITIVE>Yes</ISDEEMEDPOSITIVE>
<LEDGERFROMITEM>No</LEDGERFROMITEM>
<LEDGERNAME>V. Arjoon Shipping Pvt Limited-Export</LEDGERNAME>
<AMOUNT>-4708.000</AMOUNT>
<BILLALLOCATIONS.LIST>
<NAME>ALSA001574/19-20</NAME>
<BILLCREDITPERIOD>15 Days</BILLCREDITPERIOD>
<BILLTYPE>New Ref</BILLTYPE>
<AMOUNT>-4708.000</AMOUNT>
</BILLALLOCATIONS.LIST>
</ALLLEDGERENTRIES.LIST>
<ALLLEDGERENTRIES.LIST>
<REMOVEZEROENTRIES>No</REMOVEZEROENTRIES>
<ISDEEMEDPOSITIVE>No</ISDEEMEDPOSITIVE>
<LEDGERFROMITEM>No</LEDGERFROMITEM>
<LEDGERNAME>Container Handling Services-Export-NGST</LEDGERNAME>
<AMOUNT>4708.000</AMOUNT>
</ALLLEDGERENTRIES.LIST>
<ALLLEDGERENTRIES.LIST>
<REMOVEZEROENTRIES>No</REMOVEZEROENTRIES>
<ISDEEMEDPOSITIVE>No</ISDEEMEDPOSITIVE>
<LEDGERFROMITEM>No</LEDGERFROMITEM>
<LEDGERNAME>SHORT AND EXCESS</LEDGERNAME>
<AMOUNT>0.000</AMOUNT>
</ALLLEDGERENTRIES.LIST>
</VOUCHER>
<VOUCHER>
<ISOPTIONAL>No</ISOPTIONAL>
<USEFORGAINLOSS>No</USEFORGAINLOSS>
<USEFORCOMPOUND>No</USEFORCOMPOUND>
<VOUCHERTYPENAME>Sales-Export-CFSM</VOUCHERTYPENAME>
<DATE>20200205</DATE>
<EFFECTIVEDATE>20200205</EFFECTIVEDATE>
<ISCANCELLED>No</ISCANCELLED>
<USETRACKINGNUMBER>No</USETRACKINGNUMBER>
<ISPOSTDATED>No</ISPOSTDATED>
<ISINVOICE>No</ISINVOICE>
<DIFFACTUALQTY>No</DIFFACTUALQTY>
<VOUCHERNUMBER>ALSE005413/19-20</VOUCHERNUMBER>
<PARTYLEDGERNAME>P N CLEARING AND FORWADING</PARTYLEDGERNAME>
<STATENAME>Maharashtra</STATENAME>
<NARRATION>Being amount debited toward export, Shipping Bill No: 1095512, Exporter: SAKAMBHARI MARKETING PVT LTD, Invoice No: ALSE005413/19-20</NARRATION>
<PARTYGSTIN>27AFPPD0843L1Z9</PARTYGSTIN>
<ALLLEDGERENTRIES.LIST>
<REMOVEZEROENTRIES>No</REMOVEZEROENTRIES>
<ISDEEMEDPOSITIVE>Yes</ISDEEMEDPOSITIVE>
<LEDGERFROMITEM>No</LEDGERFROMITEM>
<LEDGERNAME>P N CLEARING AND FORWADING</LEDGERNAME>
<AMOUNT>-16251.000</AMOUNT>
<BILLALLOCATIONS.LIST>
<NAME>ALSE005413/19-20</NAME>
<BILLCREDITPERIOD>15 Days</BILLCREDITPERIOD>
<BILLTYPE>New Ref</BILLTYPE>
<AMOUNT>-16251.000</AMOUNT>
</BILLALLOCATIONS.LIST>
</ALLLEDGERENTRIES.LIST>
<ALLLEDGERENTRIES.LIST>
<REMOVEZEROENTRIES>No</REMOVEZEROENTRIES>
<ISDEEMEDPOSITIVE>No</ISDEEMEDPOSITIVE>
<LEDGERFROMITEM>No</LEDGERFROMITEM>
<LEDGERNAME>Other Storage and Warehousing Services-Export-GST</LEDGERNAME>
<AMOUNT>1572.000</AMOUNT>
</ALLLEDGERENTRIES.LIST>
<ALLLEDGERENTRIES.LIST>
<REMOVEZEROENTRIES>No</REMOVEZEROENTRIES>
<ISDEEMEDPOSITIVE>No</ISDEEMEDPOSITIVE>
<LEDGERFROMITEM>No</LEDGERFROMITEM>
<LEDGERNAME>CGST</LEDGERNAME>
<AMOUNT>141.480000000</AMOUNT>
</ALLLEDGERENTRIES.LIST>
<ALLLEDGERENTRIES.LIST>
<REMOVEZEROENTRIES>No</REMOVEZEROENTRIES>
<ISDEEMEDPOSITIVE>No</ISDEEMEDPOSITIVE>
<LEDGERFROMITEM>No</LEDGERFROMITEM>
<LEDGERNAME>SGST</LEDGERNAME>
<AMOUNT>141.480000000</AMOUNT>
</ALLLEDGERENTRIES.LIST>
<ALLLEDGERENTRIES.LIST>
<REMOVEZEROENTRIES>No</REMOVEZEROENTRIES>
<ISDEEMEDPOSITIVE>No</ISDEEMEDPOSITIVE>
<LEDGERFROMITEM>No</LEDGERFROMITEM>
<LEDGERNAME>Container Handling Services-Export-GST</LEDGERNAME>
<AMOUNT>3000.000</AMOUNT>
</ALLLEDGERENTRIES.LIST>
<ALLLEDGERENTRIES.LIST>
<REMOVEZEROENTRIES>No</REMOVEZEROENTRIES>
<ISDEEMEDPOSITIVE>No</ISDEEMEDPOSITIVE>
<LEDGERFROMITEM>No</LEDGERFROMITEM>
<LEDGERNAME>CGST</LEDGERNAME>
<AMOUNT>270.000000000</AMOUNT>
</ALLLEDGERENTRIES.LIST>
<ALLLEDGERENTRIES.LIST>
<REMOVEZEROENTRIES>No</REMOVEZEROENTRIES>
<ISDEEMEDPOSITIVE>No</ISDEEMEDPOSITIVE>
<LEDGERFROMITEM>No</LEDGERFROMITEM>
<LEDGERNAME>SGST</LEDGERNAME>
<AMOUNT>270.000000000</AMOUNT>
</ALLLEDGERENTRIES.LIST>
<ALLLEDGERENTRIES.LIST>
<REMOVEZEROENTRIES>No</REMOVEZEROENTRIES>
<ISDEEMEDPOSITIVE>No</ISDEEMEDPOSITIVE>
<LEDGERFROMITEM>No</LEDGERFROMITEM>
<LEDGERNAME>Container Handling Services-Export-GST</LEDGERNAME>
<AMOUNT>6500.000</AMOUNT>
</ALLLEDGERENTRIES.LIST>
<ALLLEDGERENTRIES.LIST>
<REMOVEZEROENTRIES>No</REMOVEZEROENTRIES>
<ISDEEMEDPOSITIVE>No</ISDEEMEDPOSITIVE>
<LEDGERFROMITEM>No</LEDGERFROMITEM>
<LEDGERNAME>CGST</LEDGERNAME>
<AMOUNT>585.000000000</AMOUNT>
</ALLLEDGERENTRIES.LIST>
<ALLLEDGERENTRIES.LIST>
<REMOVEZEROENTRIES>No</REMOVEZEROENTRIES>
<ISDEEMEDPOSITIVE>No</ISDEEMEDPOSITIVE>
<LEDGERFROMITEM>No</LEDGERFROMITEM>
<LEDGERNAME>SGST</LEDGERNAME>
<AMOUNT>585.000000000</AMOUNT>
</ALLLEDGERENTRIES.LIST>
<ALLLEDGERENTRIES.LIST>
<REMOVEZEROENTRIES>No</REMOVEZEROENTRIES>
<ISDEEMEDPOSITIVE>No</ISDEEMEDPOSITIVE>
<LEDGERFROMITEM>No</LEDGERFROMITEM>
<LEDGERNAME>Container Handling Services-Export-GST</LEDGERNAME>
<AMOUNT>200.000</AMOUNT>
</ALLLEDGERENTRIES.LIST>
<ALLLEDGERENTRIES.LIST>
<REMOVEZEROENTRIES>No</REMOVEZEROENTRIES>
<ISDEEMEDPOSITIVE>No</ISDEEMEDPOSITIVE>
<LEDGERFROMITEM>No</LEDGERFROMITEM>
<LEDGERNAME>CGST</LEDGERNAME>
<AMOUNT>18.000000000</AMOUNT>
</ALLLEDGERENTRIES.LIST>
<ALLLEDGERENTRIES.LIST>
<REMOVEZEROENTRIES>No</REMOVEZEROENTRIES>
<ISDEEMEDPOSITIVE>No</ISDEEMEDPOSITIVE>
<LEDGERFROMITEM>No</LEDGERFROMITEM>
<LEDGERNAME>SGST</LEDGERNAME>
<AMOUNT>18.000000000</AMOUNT>
</ALLLEDGERENTRIES.LIST>
<ALLLEDGERENTRIES.LIST>
<REMOVEZEROENTRIES>No</REMOVEZEROENTRIES>
<ISDEEMEDPOSITIVE>No</ISDEEMEDPOSITIVE>
<LEDGERFROMITEM>No</LEDGERFROMITEM>
<LEDGERNAME>Container Handling Services-Export-GST</LEDGERNAME>
<AMOUNT>2500.000</AMOUNT>
</ALLLEDGERENTRIES.LIST>
<ALLLEDGERENTRIES.LIST>
<REMOVEZEROENTRIES>No</REMOVEZEROENTRIES>
<ISDEEMEDPOSITIVE>No</ISDEEMEDPOSITIVE>
<LEDGERFROMITEM>No</LEDGERFROMITEM>
<LEDGERNAME>CGST</LEDGERNAME>
<AMOUNT>225.000000000</AMOUNT>
</ALLLEDGERENTRIES.LIST>
<ALLLEDGERENTRIES.LIST>
<REMOVEZEROENTRIES>No</REMOVEZEROENTRIES>
<ISDEEMEDPOSITIVE>No</ISDEEMEDPOSITIVE>
<LEDGERFROMITEM>No</LEDGERFROMITEM>
<LEDGERNAME>SGST</LEDGERNAME>
<AMOUNT>225.000000000</AMOUNT>
</ALLLEDGERENTRIES.LIST>
<ALLLEDGERENTRIES.LIST>
<REMOVEZEROENTRIES>No</REMOVEZEROENTRIES>
<ISDEEMEDPOSITIVE>No</ISDEEMEDPOSITIVE>
<LEDGERFROMITEM>No</LEDGERFROMITEM>
<LEDGERNAME>SHORT AND EXCESS</LEDGERNAME>
<AMOUNT>0.040</AMOUNT>
</ALLLEDGERENTRIES.LIST>
</VOUCHER>
<VOUCHER>
<ISOPTIONAL>No</ISOPTIONAL>
<USEFORGAINLOSS>No</USEFORGAINLOSS>
<USEFORCOMPOUND>No</USEFORCOMPOUND>
<VOUCHERTYPENAME>Sales-Export-CFSM</VOUCHERTYPENAME>
<DATE>20200205</DATE>
<EFFECTIVEDATE>20200205</EFFECTIVEDATE>
<ISCANCELLED>No</ISCANCELLED>
<USETRACKINGNUMBER>No</USETRACKINGNUMBER>
<ISPOSTDATED>No</ISPOSTDATED>
<ISINVOICE>No</ISINVOICE>
<DIFFACTUALQTY>No</DIFFACTUALQTY>
<VOUCHERNUMBER>ALSE005414/19-20</VOUCHERNUMBER>
<PARTYLEDGERNAME>P N CLEARING AND FORWADING</PARTYLEDGERNAME>
<STATENAME>Maharashtra</STATENAME>
<NARRATION>Being amount debited toward export, Shipping Bill No: 1121113, Exporter: SAR INTERNATIONAL, Invoice No: ALSE005414/19-20</NARRATION>
<PARTYGSTIN>27AFPPD0843L1Z9</PARTYGSTIN>
<ALLLEDGERENTRIES.LIST>
<REMOVEZEROENTRIES>No</REMOVEZEROENTRIES>
<ISDEEMEDPOSITIVE>Yes</ISDEEMEDPOSITIVE>
<LEDGERFROMITEM>No</LEDGERFROMITEM>
<LEDGERNAME>P N CLEARING AND FORWADING</LEDGERNAME>
<AMOUNT>-10266.000</AMOUNT>
<BILLALLOCATIONS.LIST>
<NAME>ALSE005414/19-20</NAME>
<BILLCREDITPERIOD>15 Days</BILLCREDITPERIOD>
<BILLTYPE>New Ref</BILLTYPE>
<AMOUNT>-10266.000</AMOUNT>
</BILLALLOCATIONS.LIST>
</ALLLEDGERENTRIES.LIST>
<ALLLEDGERENTRIES.LIST>
<REMOVEZEROENTRIES>No</REMOVEZEROENTRIES>
<ISDEEMEDPOSITIVE>No</ISDEEMEDPOSITIVE>
<LEDGERFROMITEM>No</LEDGERFROMITEM>
<LEDGERNAME>Container Handling Services-Export-GST</LEDGERNAME>
<AMOUNT>1500.000</AMOUNT>
</ALLLEDGERENTRIES.LIST>
<ALLLEDGERENTRIES.LIST>
<REMOVEZEROENTRIES>No</REMOVEZEROENTRIES>
<ISDEEMEDPOSITIVE>No</ISDEEMEDPOSITIVE>
<LEDGERFROMITEM>No</LEDGERFROMITEM>
<LEDGERNAME>CGST</LEDGERNAME>
<AMOUNT>135.000000000</AMOUNT>
</ALLLEDGERENTRIES.LIST>
<ALLLEDGERENTRIES.LIST>
<REMOVEZEROENTRIES>No</REMOVEZEROENTRIES>
<ISDEEMEDPOSITIVE>No</ISDEEMEDPOSITIVE>
<LEDGERFROMITEM>No</LEDGERFROMITEM>
<LEDGERNAME>SGST</LEDGERNAME>
<AMOUNT>135.000000000</AMOUNT>
</ALLLEDGERENTRIES.LIST>
<ALLLEDGERENTRIES.LIST>
<REMOVEZEROENTRIES>No</REMOVEZEROENTRIES>
<ISDEEMEDPOSITIVE>No</ISDEEMEDPOSITIVE>
<LEDGERFROMITEM>No</LEDGERFROMITEM>
<LEDGERNAME>Container Handling Services-Export-GST</LEDGERNAME>
<AMOUNT>5000.000</AMOUNT>
</ALLLEDGERENTRIES.LIST>
<ALLLEDGERENTRIES.LIST>
<REMOVEZEROENTRIES>No</REMOVEZEROENTRIES>
<ISDEEMEDPOSITIVE>No</ISDEEMEDPOSITIVE>
<LEDGERFROMITEM>No</LEDGERFROMITEM>
<LEDGERNAME>CGST</LEDGERNAME>
<AMOUNT>450.000000000</AMOUNT>
</ALLLEDGERENTRIES.LIST>
<ALLLEDGERENTRIES.LIST>
<REMOVEZEROENTRIES>No</REMOVEZEROENTRIES>
<ISDEEMEDPOSITIVE>No</ISDEEMEDPOSITIVE>
<LEDGERFROMITEM>No</LEDGERFROMITEM>
<LEDGERNAME>SGST</LEDGERNAME>
<AMOUNT>450.000000000</AMOUNT>
</ALLLEDGERENTRIES.LIST>
<ALLLEDGERENTRIES.LIST>
<REMOVEZEROENTRIES>No</REMOVEZEROENTRIES>
<ISDEEMEDPOSITIVE>No</ISDEEMEDPOSITIVE>
<LEDGERFROMITEM>No</LEDGERFROMITEM>
<LEDGERNAME>Container Handling Services-Export-GST</LEDGERNAME>
<AMOUNT>200.000</AMOUNT>
</ALLLEDGERENTRIES.LIST>
<ALLLEDGERENTRIES.LIST>
<REMOVEZEROENTRIES>No</REMOVEZEROENTRIES>
<ISDEEMEDPOSITIVE>No</ISDEEMEDPOSITIVE>
<LEDGERFROMITEM>No</LEDGERFROMITEM>
<LEDGERNAME>CGST</LEDGERNAME>
<AMOUNT>18.000000000</AMOUNT>
</ALLLEDGERENTRIES.LIST>
<ALLLEDGERENTRIES.LIST>
<REMOVEZEROENTRIES>No</REMOVEZEROENTRIES>
<ISDEEMEDPOSITIVE>No</ISDEEMEDPOSITIVE>
<LEDGERFROMITEM>No</LEDGERFROMITEM>
<LEDGERNAME>SGST</LEDGERNAME>
<AMOUNT>18.000000000</AMOUNT>
</ALLLEDGERENTRIES.LIST>
<ALLLEDGERENTRIES.LIST>
<REMOVEZEROENTRIES>No</REMOVEZEROENTRIES>
<ISDEEMEDPOSITIVE>No</ISDEEMEDPOSITIVE>
<LEDGERFROMITEM>No</LEDGERFROMITEM>
<LEDGERNAME>Container Handling Services-Export-GST</LEDGERNAME>
<AMOUNT>2000.000</AMOUNT>
</ALLLEDGERENTRIES.LIST>
<ALLLEDGERENTRIES.LIST>
<REMOVEZEROENTRIES>No</REMOVEZEROENTRIES>
<ISDEEMEDPOSITIVE>No</ISDEEMEDPOSITIVE>
<LEDGERFROMITEM>No</LEDGERFROMITEM>
<LEDGERNAME>CGST</LEDGERNAME>
<AMOUNT>180.000000000</AMOUNT>
</ALLLEDGERENTRIES.LIST>
<ALLLEDGERENTRIES.LIST>
<REMOVEZEROENTRIES>No</REMOVEZEROENTRIES>
<ISDEEMEDPOSITIVE>No</ISDEEMEDPOSITIVE>
<LEDGERFROMITEM>No</LEDGERFROMITEM>
<LEDGERNAME>SGST</LEDGERNAME>
<AMOUNT>180.000000000</AMOUNT>
</ALLLEDGERENTRIES.LIST>
<ALLLEDGERENTRIES.LIST>
<REMOVEZEROENTRIES>No</REMOVEZEROENTRIES>
<ISDEEMEDPOSITIVE>No</ISDEEMEDPOSITIVE>
<LEDGERFROMITEM>No</LEDGERFROMITEM>
<LEDGERNAME>SHORT AND EXCESS</LEDGERNAME>
<AMOUNT>0.000</AMOUNT>
</ALLLEDGERENTRIES.LIST>
</VOUCHER>
<VOUCHER>
<ISOPTIONAL>No</ISOPTIONAL>
<USEFORGAINLOSS>No</USEFORGAINLOSS>
<USEFORCOMPOUND>No</USEFORCOMPOUND>
<VOUCHERTYPENAME>Sales-Export-CFSM</VOUCHERTYPENAME>
<DATE>20200205</DATE>
<EFFECTIVEDATE>20200205</EFFECTIVEDATE>
<ISCANCELLED>No</ISCANCELLED>
<USETRACKINGNUMBER>No</USETRACKINGNUMBER>
<ISPOSTDATED>No</ISPOSTDATED>
<ISINVOICE>No</ISINVOICE>
<DIFFACTUALQTY>No</DIFFACTUALQTY>
<VOUCHERNUMBER>ALSA001575/19-20</VOUCHERNUMBER>
<PARTYLEDGERNAME>SPICEFREIGHT PRIVATE LIMITED</PARTYLEDGERNAME>
<STATENAME>Maharashtra</STATENAME>
<NARRATION>Being amount debited toward export, Shipping Bill No: 1001754, Exporter: SRI RAMA MODERN and PARA BOILED RICE MILL, Invoice No: ALSA001575/19-20</NARRATION>
<PARTYGSTIN>27AAXCS2681R1Z3</PARTYGSTIN>
<ALLLEDGERENTRIES.LIST>
<REMOVEZEROENTRIES>No</REMOVEZEROENTRIES>
<ISDEEMEDPOSITIVE>Yes</ISDEEMEDPOSITIVE>
<LEDGERFROMITEM>No</LEDGERFROMITEM>
<LEDGERNAME>SPICEFREIGHT PRIVATE LIMITED</LEDGERNAME>
<AMOUNT>-7820.000</AMOUNT>
<BILLALLOCATIONS.LIST>
<NAME>ALSA001575/19-20</NAME>
<BILLCREDITPERIOD>0 Days</BILLCREDITPERIOD>
<BILLTYPE>New Ref</BILLTYPE>
<AMOUNT>-7820.000</AMOUNT>
</BILLALLOCATIONS.LIST>
</ALLLEDGERENTRIES.LIST>
<ALLLEDGERENTRIES.LIST>
<REMOVEZEROENTRIES>No</REMOVEZEROENTRIES>
<ISDEEMEDPOSITIVE>No</ISDEEMEDPOSITIVE>
<LEDGERFROMITEM>No</LEDGERFROMITEM>
<LEDGERNAME>Other Storage and Warehousing Services-Export-NGST</LEDGERNAME>
<AMOUNT>20.000</AMOUNT>
</ALLLEDGERENTRIES.LIST>
<ALLLEDGERENTRIES.LIST>
<REMOVEZEROENTRIES>No</REMOVEZEROENTRIES>
<ISDEEMEDPOSITIVE>No</ISDEEMEDPOSITIVE>
<LEDGERFROMITEM>No</LEDGERFROMITEM>
<LEDGERNAME>Container Handling Services-Export-NGST</LEDGERNAME>
<AMOUNT>1500.000</AMOUNT>
</ALLLEDGERENTRIES.LIST>
<ALLLEDGERENTRIES.LIST>
<REMOVEZEROENTRIES>No</REMOVEZEROENTRIES>
<ISDEEMEDPOSITIVE>No</ISDEEMEDPOSITIVE>
<LEDGERFROMITEM>No</LEDGERFROMITEM>
<LEDGERNAME>Container Handling Services-Export-NGST</LEDGERNAME>
<AMOUNT>5000.000</AMOUNT>
</ALLLEDGERENTRIES.LIST>
<ALLLEDGERENTRIES.LIST>
<REMOVEZEROENTRIES>No</REMOVEZEROENTRIES>
<ISDEEMEDPOSITIVE>No</ISDEEMEDPOSITIVE>
<LEDGERFROMITEM>No</LEDGERFROMITEM>
<LEDGERNAME>Container Handling Services-Export-NGST</LEDGERNAME>
<AMOUNT>1300.000</AMOUNT>
</ALLLEDGERENTRIES.LIST>
<ALLLEDGERENTRIES.LIST>
<REMOVEZEROENTRIES>No</REMOVEZEROENTRIES>
<ISDEEMEDPOSITIVE>No</ISDEEMEDPOSITIVE>
<LEDGERFROMITEM>No</LEDGERFROMITEM>
<LEDGERNAME>SHORT AND EXCESS</LEDGERNAME>
<AMOUNT>0.000</AMOUNT>
</ALLLEDGERENTRIES.LIST>
</VOUCHER>
<VOUCHER>
<ISOPTIONAL>No</ISOPTIONAL>
<USEFORGAINLOSS>No</USEFORGAINLOSS>
<USEFORCOMPOUND>No</USEFORCOMPOUND>
<VOUCHERTYPENAME>Sales-Export-CFSM</VOUCHERTYPENAME>
<DATE>20200205</DATE>
<EFFECTIVEDATE>20200205</EFFECTIVEDATE>
<ISCANCELLED>No</ISCANCELLED>
<USETRACKINGNUMBER>No</USETRACKINGNUMBER>
<ISPOSTDATED>No</ISPOSTDATED>
<ISINVOICE>No</ISINVOICE>
<DIFFACTUALQTY>No</DIFFACTUALQTY>
<VOUCHERNUMBER>ALSA001576/19-20</VOUCHERNUMBER>
<PARTYLEDGERNAME>Palak Logistics</PARTYLEDGERNAME>
<STATENAME>Maharashtra</STATENAME>
<NARRATION>Being amount debited toward export, Shipping Bill No: 1016468, Exporter: OPTIC PLANET, Invoice No: ALSA001576/19-20</NARRATION>
<PARTYGSTIN>27AJZPB0997M1ZB</PARTYGSTIN>
<ALLLEDGERENTRIES.LIST>
<REMOVEZEROENTRIES>No</REMOVEZEROENTRIES>
<ISDEEMEDPOSITIVE>Yes</ISDEEMEDPOSITIVE>
<LEDGERFROMITEM>No</LEDGERFROMITEM>
<LEDGERNAME>Palak Logistics</LEDGERNAME>
<AMOUNT>-11900.000</AMOUNT>
<BILLALLOCATIONS.LIST>
<NAME>ALSA001576/19-20</NAME>
<BILLCREDITPERIOD>15 Days</BILLCREDITPERIOD>
<BILLTYPE>New Ref</BILLTYPE>
<AMOUNT>-11900.000</AMOUNT>
</BILLALLOCATIONS.LIST>
</ALLLEDGERENTRIES.LIST>
<ALLLEDGERENTRIES.LIST>
<REMOVEZEROENTRIES>No</REMOVEZEROENTRIES>
<ISDEEMEDPOSITIVE>No</ISDEEMEDPOSITIVE>
<LEDGERFROMITEM>No</LEDGERFROMITEM>
<LEDGERNAME>Container Handling Services-Export-NGST</LEDGERNAME>
<AMOUNT>3000.000</AMOUNT>
</ALLLEDGERENTRIES.LIST>
<ALLLEDGERENTRIES.LIST>
<REMOVEZEROENTRIES>No</REMOVEZEROENTRIES>
<ISDEEMEDPOSITIVE>No</ISDEEMEDPOSITIVE>
<LEDGERFROMITEM>No</LEDGERFROMITEM>
<LEDGERNAME>Container Handling Services-Export-NGST</LEDGERNAME>
<AMOUNT>6500.000</AMOUNT>
</ALLLEDGERENTRIES.LIST>
<ALLLEDGERENTRIES.LIST>
<REMOVEZEROENTRIES>No</REMOVEZEROENTRIES>
<ISDEEMEDPOSITIVE>No</ISDEEMEDPOSITIVE>
<LEDGERFROMITEM>No</LEDGERFROMITEM>
<LEDGERNAME>Container Handling Services-Export-NGST</LEDGERNAME>
<AMOUNT>2400.000</AMOUNT>
</ALLLEDGERENTRIES.LIST>
<ALLLEDGERENTRIES.LIST>
<REMOVEZEROENTRIES>No</REMOVEZEROENTRIES>
<ISDEEMEDPOSITIVE>No</ISDEEMEDPOSITIVE>
<LEDGERFROMITEM>No</LEDGERFROMITEM>
<LEDGERNAME>SHORT AND EXCESS</LEDGERNAME>
<AMOUNT>0.000</AMOUNT>
</ALLLEDGERENTRIES.LIST>
</VOUCHER>
<VOUCHER>
<ISOPTIONAL>No</ISOPTIONAL>
<USEFORGAINLOSS>No</USEFORGAINLOSS>
<USEFORCOMPOUND>No</USEFORCOMPOUND>
<VOUCHERTYPENAME>Sales-Export-CFSM</VOUCHERTYPENAME>
<DATE>20200205</DATE>
<EFFECTIVEDATE>20200205</EFFECTIVEDATE>
<ISCANCELLED>No</ISCANCELLED>
<USETRACKINGNUMBER>No</USETRACKINGNUMBER>
<ISPOSTDATED>No</ISPOSTDATED>
<ISINVOICE>No</ISINVOICE>
<DIFFACTUALQTY>No</DIFFACTUALQTY>
<VOUCHERNUMBER>ALSA001577/19-20</VOUCHERNUMBER>
<PARTYLEDGERNAME>Palak Logistics</PARTYLEDGERNAME>
<STATENAME>Maharashtra</STATENAME>
<NARRATION>Being amount debited toward export, Shipping Bill No: 1109328, Exporter: OPTIC PLANET, Invoice No: ALSA001577/19-20</NARRATION>
<PARTYGSTIN>27AJZPB0997M1ZB</PARTYGSTIN>
<ALLLEDGERENTRIES.LIST>
<REMOVEZEROENTRIES>No</REMOVEZEROENTRIES>
<ISDEEMEDPOSITIVE>Yes</ISDEEMEDPOSITIVE>
<LEDGERFROMITEM>No</LEDGERFROMITEM>
<LEDGERNAME>Palak Logistics</LEDGERNAME>
<AMOUNT>-15400.000</AMOUNT>
<BILLALLOCATIONS.LIST>
<NAME>ALSA001577/19-20</NAME>
<BILLCREDITPERIOD>15 Days</BILLCREDITPERIOD>
<BILLTYPE>New Ref</BILLTYPE>
<AMOUNT>-15400.000</AMOUNT>
</BILLALLOCATIONS.LIST>
</ALLLEDGERENTRIES.LIST>
<ALLLEDGERENTRIES.LIST>
<REMOVEZEROENTRIES>No</REMOVEZEROENTRIES>
<ISDEEMEDPOSITIVE>No</ISDEEMEDPOSITIVE>
<LEDGERFROMITEM>No</LEDGERFROMITEM>
<LEDGERNAME>Container Handling Services-Export-NGST</LEDGERNAME>
<AMOUNT>3000.000</AMOUNT>
</ALLLEDGERENTRIES.LIST>
<ALLLEDGERENTRIES.LIST>
<REMOVEZEROENTRIES>No</REMOVEZEROENTRIES>
<ISDEEMEDPOSITIVE>No</ISDEEMEDPOSITIVE>
<LEDGERFROMITEM>No</LEDGERFROMITEM>
<LEDGERNAME>Container Handling Services-Export-NGST</LEDGERNAME>
<AMOUNT>10000.000</AMOUNT>
</ALLLEDGERENTRIES.LIST>
<ALLLEDGERENTRIES.LIST>
<REMOVEZEROENTRIES>No</REMOVEZEROENTRIES>
<ISDEEMEDPOSITIVE>No</ISDEEMEDPOSITIVE>
<LEDGERFROMITEM>No</LEDGERFROMITEM>
<LEDGERNAME>Container Handling Services-Export-NGST</LEDGERNAME>
<AMOUNT>2400.000</AMOUNT>
</ALLLEDGERENTRIES.LIST>
<ALLLEDGERENTRIES.LIST>
<REMOVEZEROENTRIES>No</REMOVEZEROENTRIES>
<ISDEEMEDPOSITIVE>No</ISDEEMEDPOSITIVE>
<LEDGERFROMITEM>No</LEDGERFROMITEM>
<LEDGERNAME>SHORT AND EXCESS</LEDGERNAME>
<AMOUNT>0.000</AMOUNT>
</ALLLEDGERENTRIES.LIST>
</VOUCHER>
<VOUCHER>
<ISOPTIONAL>No</ISOPTIONAL>
<USEFORGAINLOSS>No</USEFORGAINLOSS>
<USEFORCOMPOUND>No</USEFORCOMPOUND>
<VOUCHERTYPENAME>Sales-Export-CFSM</VOUCHERTYPENAME>
<DATE>20200205</DATE>
<EFFECTIVEDATE>20200205</EFFECTIVEDATE>
<ISCANCELLED>No</ISCANCELLED>
<USETRACKINGNUMBER>No</USETRACKINGNUMBER>
<ISPOSTDATED>No</ISPOSTDATED>
<ISINVOICE>No</ISINVOICE>
<DIFFACTUALQTY>No</DIFFACTUALQTY>
<VOUCHERNUMBER>ALSA001578/19-20</VOUCHERNUMBER>
<PARTYLEDGERNAME>Palak Logistics</PARTYLEDGERNAME>
<STATENAME>Maharashtra</STATENAME>
<NARRATION>Being amount debited toward export, Shipping Bill No: 9995743, Exporter: SAILOR EXPORTS LTD, Invoice No: ALSA001578/19-20</NARRATION>
<PARTYGSTIN>27AJZPB0997M1ZB</PARTYGSTIN>
<ALLLEDGERENTRIES.LIST>
<REMOVEZEROENTRIES>No</REMOVEZEROENTRIES>
<ISDEEMEDPOSITIVE>Yes</ISDEEMEDPOSITIVE>
<LEDGERFROMITEM>No</LEDGERFROMITEM>
<LEDGERNAME>Palak Logistics</LEDGERNAME>
<AMOUNT>-16972.000</AMOUNT>
<BILLALLOCATIONS.LIST>
<NAME>ALSA001578/19-20</NAME>
<BILLCREDITPERIOD>15 Days</BILLCREDITPERIOD>
<BILLTYPE>New Ref</BILLTYPE>
<AMOUNT>-16972.000</AMOUNT>
</BILLALLOCATIONS.LIST>
</ALLLEDGERENTRIES.LIST>
<ALLLEDGERENTRIES.LIST>
<REMOVEZEROENTRIES>No</REMOVEZEROENTRIES>
<ISDEEMEDPOSITIVE>No</ISDEEMEDPOSITIVE>
<LEDGERFROMITEM>No</LEDGERFROMITEM>
<LEDGERNAME>Other Storage and Warehousing Services-Export-NGST</LEDGERNAME>
<AMOUNT>1572.000</AMOUNT>
</ALLLEDGERENTRIES.LIST>
<ALLLEDGERENTRIES.LIST>
<REMOVEZEROENTRIES>No</REMOVEZEROENTRIES>
<ISDEEMEDPOSITIVE>No</ISDEEMEDPOSITIVE>
<LEDGERFROMITEM>No</LEDGERFROMITEM>
<LEDGERNAME>Container Handling Services-Export-NGST</LEDGERNAME>
<AMOUNT>3000.000</AMOUNT>
</ALLLEDGERENTRIES.LIST>
<ALLLEDGERENTRIES.LIST>
<REMOVEZEROENTRIES>No</REMOVEZEROENTRIES>
<ISDEEMEDPOSITIVE>No</ISDEEMEDPOSITIVE>
<LEDGERFROMITEM>No</LEDGERFROMITEM>
<LEDGERNAME>Container Handling Services-Export-NGST</LEDGERNAME>
<AMOUNT>10000.000</AMOUNT>
</ALLLEDGERENTRIES.LIST>
<ALLLEDGERENTRIES.LIST>
<REMOVEZEROENTRIES>No</REMOVEZEROENTRIES>
<ISDEEMEDPOSITIVE>No</ISDEEMEDPOSITIVE>
<LEDGERFROMITEM>No</LEDGERFROMITEM>
<LEDGERNAME>Container Handling Services-Export-NGST</LEDGERNAME>
<AMOUNT>2400.000</AMOUNT>
</ALLLEDGERENTRIES.LIST>
<ALLLEDGERENTRIES.LIST>
<REMOVEZEROENTRIES>No</REMOVEZEROENTRIES>
<ISDEEMEDPOSITIVE>No</ISDEEMEDPOSITIVE>
<LEDGERFROMITEM>No</LEDGERFROMITEM>
<LEDGERNAME>SHORT AND EXCESS</LEDGERNAME>
<AMOUNT>0.000</AMOUNT>
</ALLLEDGERENTRIES.LIST>
</VOUCHER>
<VOUCHER>
<ISOPTIONAL>No</ISOPTIONAL>
<USEFORGAINLOSS>No</USEFORGAINLOSS>
<USEFORCOMPOUND>No</USEFORCOMPOUND>
<VOUCHERTYPENAME>Sales-Export-CFSM</VOUCHERTYPENAME>
<DATE>20200205</DATE>
<EFFECTIVEDATE>20200205</EFFECTIVEDATE>
<ISCANCELLED>No</ISCANCELLED>
<USETRACKINGNUMBER>No</USETRACKINGNUMBER>
<ISPOSTDATED>No</ISPOSTDATED>
<ISINVOICE>No</ISINVOICE>
<DIFFACTUALQTY>No</DIFFACTUALQTY>
<VOUCHERNUMBER>ALSA001579/19-20</VOUCHERNUMBER>
<PARTYLEDGERNAME>PRACHIT FOODS (INDIA) PRIVATE LIMITED</PARTYLEDGERNAME>
<STATENAME>Madya Pradesh</STATENAME>
<NARRATION>Being amount debited toward export, Shipping Bill No: 1074181, Exporter: PRACHIT FOODS INDIA PVT LTD, Invoice No: ALSA001579/19-20</NARRATION>
<PARTYGSTIN>23AAJCP4546Q1ZU</PARTYGSTIN>
<ALLLEDGERENTRIES.LIST>
<REMOVEZEROENTRIES>No</REMOVEZEROENTRIES>
<ISDEEMEDPOSITIVE>Yes</ISDEEMEDPOSITIVE>
<LEDGERFROMITEM>No</LEDGERFROMITEM>
<LEDGERNAME>PRACHIT FOODS (INDIA) PRIVATE LIMITED</LEDGERNAME>
<AMOUNT>-53000.000</AMOUNT>
<BILLALLOCATIONS.LIST>
<NAME>ALSA001579/19-20</NAME>
<BILLCREDITPERIOD>7 Days</BILLCREDITPERIOD>
<BILLTYPE>New Ref</BILLTYPE>
<AMOUNT>-53000.000</AMOUNT>
</BILLALLOCATIONS.LIST>
</ALLLEDGERENTRIES.LIST>
<ALLLEDGERENTRIES.LIST>
<REMOVEZEROENTRIES>No</REMOVEZEROENTRIES>
<ISDEEMEDPOSITIVE>No</ISDEEMEDPOSITIVE>
<LEDGERFROMITEM>No</LEDGERFROMITEM>
<LEDGERNAME>Container Handling Services-Export-NGST</LEDGERNAME>
<AMOUNT>6000.000</AMOUNT>
</ALLLEDGERENTRIES.LIST>
<ALLLEDGERENTRIES.LIST>
<REMOVEZEROENTRIES>No</REMOVEZEROENTRIES>
<ISDEEMEDPOSITIVE>No</ISDEEMEDPOSITIVE>
<LEDGERFROMITEM>No</LEDGERFROMITEM>
<LEDGERNAME>Container Handling Services-Export-NGST</LEDGERNAME>
<AMOUNT>13000.000</AMOUNT>
</ALLLEDGERENTRIES.LIST>
<ALLLEDGERENTRIES.LIST>
<REMOVEZEROENTRIES>No</REMOVEZEROENTRIES>
<ISDEEMEDPOSITIVE>No</ISDEEMEDPOSITIVE>
<LEDGERFROMITEM>No</LEDGERFROMITEM>
<LEDGERNAME>Container Handling Services-Export-NGST</LEDGERNAME>
<AMOUNT>5000.000</AMOUNT>
</ALLLEDGERENTRIES.LIST>
<ALLLEDGERENTRIES.LIST>
<REMOVEZEROENTRIES>No</REMOVEZEROENTRIES>
<ISDEEMEDPOSITIVE>No</ISDEEMEDPOSITIVE>
<LEDGERFROMITEM>No</LEDGERFROMITEM>
<LEDGERNAME>Container Handling Services-Export-NGST</LEDGERNAME>
<AMOUNT>8000.000</AMOUNT>
</ALLLEDGERENTRIES.LIST>
<ALLLEDGERENTRIES.LIST>
<REMOVEZEROENTRIES>No</REMOVEZEROENTRIES>
<ISDEEMEDPOSITIVE>No</ISDEEMEDPOSITIVE>
<LEDGERFROMITEM>No</LEDGERFROMITEM>
<LEDGERNAME>Container Handling Services-Export-NGST</LEDGERNAME>
<AMOUNT>4000.000</AMOUNT>
</ALLLEDGERENTRIES.LIST>
<ALLLEDGERENTRIES.LIST>
<REMOVEZEROENTRIES>No</REMOVEZEROENTRIES>
<ISDEEMEDPOSITIVE>No</ISDEEMEDPOSITIVE>
<LEDGERFROMITEM>No</LEDGERFROMITEM>
<LEDGERNAME>Other Storage and Warehousing Services-Export-NGST</LEDGERNAME>
<AMOUNT>5000.000</AMOUNT>
</ALLLEDGERENTRIES.LIST>
<ALLLEDGERENTRIES.LIST>
<REMOVEZEROENTRIES>No</REMOVEZEROENTRIES>
<ISDEEMEDPOSITIVE>No</ISDEEMEDPOSITIVE>
<LEDGERFROMITEM>No</LEDGERFROMITEM>
<LEDGERNAME>Container Handling Services-Export-NGST</LEDGERNAME>
<AMOUNT>12000.000</AMOUNT>
</ALLLEDGERENTRIES.LIST>
<ALLLEDGERENTRIES.LIST>
<REMOVEZEROENTRIES>No</REMOVEZEROENTRIES>
<ISDEEMEDPOSITIVE>No</ISDEEMEDPOSITIVE>
<LEDGERFROMITEM>No</LEDGERFROMITEM>
<LEDGERNAME>SHORT AND EXCESS</LEDGERNAME>
<AMOUNT>0.000</AMOUNT>
</ALLLEDGERENTRIES.LIST>
</VOUCHER>
<VOUCHER>
<ISOPTIONAL>No</ISOPTIONAL>
<USEFORGAINLOSS>No</USEFORGAINLOSS>
<USEFORCOMPOUND>No</USEFORCOMPOUND>
<VOUCHERTYPENAME>Sales-Export-CFSM</VOUCHERTYPENAME>
<DATE>20200205</DATE>
<EFFECTIVEDATE>20200205</EFFECTIVEDATE>
<ISCANCELLED>No</ISCANCELLED>
<USETRACKINGNUMBER>No</USETRACKINGNUMBER>
<ISPOSTDATED>No</ISPOSTDATED>
<ISINVOICE>No</ISINVOICE>
<DIFFACTUALQTY>No</DIFFACTUALQTY>
<VOUCHERNUMBER>ALSA001580/19-20</VOUCHERNUMBER>
<PARTYLEDGERNAME>ALLIED CORPORATION</PARTYLEDGERNAME>
<STATENAME>Maharashtra</STATENAME>
<NARRATION>Being amount debited toward export, Shipping Bill No: 1099900, Exporter: ALLIED CORPORATION, Invoice No: ALSA001580/19-20</NARRATION>
<PARTYGSTIN>27AYPPK4928G1Z0</PARTYGSTIN>
<ALLLEDGERENTRIES.LIST>
<REMOVEZEROENTRIES>No</REMOVEZEROENTRIES>
<ISDEEMEDPOSITIVE>Yes</ISDEEMEDPOSITIVE>
<LEDGERFROMITEM>No</LEDGERFROMITEM>
<LEDGERNAME>ALLIED CORPORATION</LEDGERNAME>
<AMOUNT>-49400.000</AMOUNT>
<BILLALLOCATIONS.LIST>
<NAME>ALSA001580/19-20</NAME>
<BILLCREDITPERIOD>0 Days</BILLCREDITPERIOD>
<BILLTYPE>New Ref</BILLTYPE>
<AMOUNT>-49400.000</AMOUNT>
</BILLALLOCATIONS.LIST>
</ALLLEDGERENTRIES.LIST>
<ALLLEDGERENTRIES.LIST>
<REMOVEZEROENTRIES>No</REMOVEZEROENTRIES>
<ISDEEMEDPOSITIVE>No</ISDEEMEDPOSITIVE>
<LEDGERFROMITEM>No</LEDGERFROMITEM>
<LEDGERNAME>Container Handling Services-Export-NGST</LEDGERNAME>
<AMOUNT>2000.000</AMOUNT>
</ALLLEDGERENTRIES.LIST>
<ALLLEDGERENTRIES.LIST>
<REMOVEZEROENTRIES>No</REMOVEZEROENTRIES>
<ISDEEMEDPOSITIVE>No</ISDEEMEDPOSITIVE>
<LEDGERFROMITEM>No</LEDGERFROMITEM>
<LEDGERNAME>Container Handling Services-Export-NGST</LEDGERNAME>
<AMOUNT>6000.000</AMOUNT>
</ALLLEDGERENTRIES.LIST>
<ALLLEDGERENTRIES.LIST>
<REMOVEZEROENTRIES>No</REMOVEZEROENTRIES>
<ISDEEMEDPOSITIVE>No</ISDEEMEDPOSITIVE>
<LEDGERFROMITEM>No</LEDGERFROMITEM>
<LEDGERNAME>Container Handling Services-Export-NGST</LEDGERNAME>
<AMOUNT>13000.000</AMOUNT>
</ALLLEDGERENTRIES.LIST>
<ALLLEDGERENTRIES.LIST>
<REMOVEZEROENTRIES>No</REMOVEZEROENTRIES>
<ISDEEMEDPOSITIVE>No</ISDEEMEDPOSITIVE>
<LEDGERFROMITEM>No</LEDGERFROMITEM>
<LEDGERNAME>Container Handling Services-Export-NGST</LEDGERNAME>
<AMOUNT>3500.000</AMOUNT>
</ALLLEDGERENTRIES.LIST>
<ALLLEDGERENTRIES.LIST>
<REMOVEZEROENTRIES>No</REMOVEZEROENTRIES>
<ISDEEMEDPOSITIVE>No</ISDEEMEDPOSITIVE>
<LEDGERFROMITEM>No</LEDGERFROMITEM>
<LEDGERNAME>Container Handling Services-Export-NGST</LEDGERNAME>
<AMOUNT>3500.000</AMOUNT>
</ALLLEDGERENTRIES.LIST>
<ALLLEDGERENTRIES.LIST>
<REMOVEZEROENTRIES>No</REMOVEZEROENTRIES>
<ISDEEMEDPOSITIVE>No</ISDEEMEDPOSITIVE>
<LEDGERFROMITEM>No</LEDGERFROMITEM>
<LEDGERNAME>Container Handling Services-Export-NGST</LEDGERNAME>
<AMOUNT>8000.000</AMOUNT>
</ALLLEDGERENTRIES.LIST>
<ALLLEDGERENTRIES.LIST>
<REMOVEZEROENTRIES>No</REMOVEZEROENTRIES>
<ISDEEMEDPOSITIVE>No</ISDEEMEDPOSITIVE>
<LEDGERFROMITEM>No</LEDGERFROMITEM>
<LEDGERNAME>Other Storage and Warehousing Services-Export-NGST</LEDGERNAME>
<AMOUNT>13400.000</AMOUNT>
</ALLLEDGERENTRIES.LIST>
<ALLLEDGERENTRIES.LIST>
<REMOVEZEROENTRIES>No</REMOVEZEROENTRIES>
<ISDEEMEDPOSITIVE>No</ISDEEMEDPOSITIVE>
<LEDGERFROMITEM>No</LEDGERFROMITEM>
<LEDGERNAME>SHORT AND EXCESS</LEDGERNAME>
<AMOUNT>0.000</AMOUNT>
</ALLLEDGERENTRIES.LIST>
</VOUCHER>
</TALLYMESSAGE>
</REQUESTDATA>
</IMPORTDATA>
</BODY>
</ENVELOPE>
