<?xml version="1.0" encoding="UTF-8"?>
<ENVELOPE>
<HEADER>
<TALLYREQUEST>Import Data</TALLYREQUEST>
</HEADER>
<BODY>
<IMPORTDATA>
<REQUESTDESC>
<REPORTNAME>Vouchers</REPORTNAME>
<STATICVARIABLES>
<SVCURRENTCOMPANY>
Apollo LogiSolutions Limited-Panvel
</SVCURRENTCOMPANY>
</STATICVARIABLES>
</REQUESTDESC>
<REQUESTDATA>
<TALLYMESSAGE xmlns:UDF="TallyUDF">
<VOUCHER>
<ISOPTIONAL>No</ISOPTIONAL>
<USEFORGAINLOSS>No</USEFORGAINLOSS>
<USEFORCOMPOUND>No</USEFORCOMPOUND>
<VOUCHERTYPENAME>MISC SALES GST</VOUCHERTYPENAME>
<DATE>20211125</DATE>
<EFFECTIVEDATE>20211125</EFFECTIVEDATE>
<ISCANCELLED>No</ISCANCELLED>
<USETRACKINGNUMBER>No</USETRACKINGNUMBER>
<ISPOSTDATED>No</ISPOSTDATED>
<ISINVOICE>No</ISINVOICE>
<DIFFACTUALQTY>No</DIFFACTUALQTY>
<VOUCHERNUMBER>ALSM003952/21-22</VOUCHERNUMBER>
<PARTYLEDGERNAME>MICHELIN INDIA PRIVATE LIMITED</PARTYLEDGERNAME>
<STATENAME>Maharashtra</STATENAME>
<PARTYGSTIN>27AAGCM0107K1ZN</PARTYGSTIN>
<NARRATION>Being amount debited towards MISC INVOICE SALES AS described  CAAU6441384 MH46H2536, Invoice No: ALSM003952/21-22</NARRATION>
<ALLLEDGERENTRIES.LIST>
<REMOVEZEROENTRIES>No</REMOVEZEROENTRIES>
<ISDEEMEDPOSITIVE>Yes</ISDEEMEDPOSITIVE>
<LEDGERFROMITEM>No</LEDGERFROMITEM>
<LEDGERNAME>MICHELIN INDIA PRIVATE LIMITED</LEDGERNAME>
<AMOUNT>-3068.000</AMOUNT>
<BILLALLOCATIONS.LIST>
<NAME>ALSM003952/21-22</NAME>
<BILLTYPE>New Ref</BILLTYPE>
<AMOUNT>-3068.000</AMOUNT>
</BILLALLOCATIONS.LIST>
</ALLLEDGERENTRIES.LIST>
<ALLLEDGERENTRIES.LIST>
<REMOVEZEROENTRIES>No</REMOVEZEROENTRIES>
<ISDEEMEDPOSITIVE>No</ISDEEMEDPOSITIVE>
<LEDGERFROMITEM>No</LEDGERFROMITEM>
<LEDGERNAME>Misc.Sales</LEDGERNAME>
<AMOUNT>2600.000</AMOUNT>
</ALLLEDGERENTRIES.LIST>
<ALLLEDGERENTRIES.LIST>
<REMOVEZEROENTRIES>No</REMOVEZEROENTRIES>
<ISDEEMEDPOSITIVE>No</ISDEEMEDPOSITIVE>
<LEDGERFROMITEM>No</LEDGERFROMITEM>
<LEDGERNAME>CGST</LEDGERNAME>
<AMOUNT>234.000000000</AMOUNT>
</ALLLEDGERENTRIES.LIST>
<ALLLEDGERENTRIES.LIST>
<REMOVEZEROENTRIES>No</REMOVEZEROENTRIES>
<ISDEEMEDPOSITIVE>No</ISDEEMEDPOSITIVE>
<LEDGERFROMITEM>No</LEDGERFROMITEM>
<LEDGERNAME>SGST</LEDGERNAME>
<AMOUNT>234.000000000</AMOUNT>
</ALLLEDGERENTRIES.LIST>
<ALLLEDGERENTRIES.LIST>
<REMOVEZEROENTRIES>No</REMOVEZEROENTRIES>
<ISDEEMEDPOSITIVE>No</ISDEEMEDPOSITIVE>
<LEDGERFROMITEM>No</LEDGERFROMITEM>
<LEDGERNAME>SHORT AND EXCESS</LEDGERNAME>
<AMOUNT>0.000</AMOUNT>
</ALLLEDGERENTRIES.LIST>
</VOUCHER>
<VOUCHER>
<ISOPTIONAL>No</ISOPTIONAL>
<USEFORGAINLOSS>No</USEFORGAINLOSS>
<USEFORCOMPOUND>No</USEFORCOMPOUND>
<VOUCHERTYPENAME>MISC SALES GST</VOUCHERTYPENAME>
<DATE>20211125</DATE>
<EFFECTIVEDATE>20211125</EFFECTIVEDATE>
<ISCANCELLED>No</ISCANCELLED>
<USETRACKINGNUMBER>No</USETRACKINGNUMBER>
<ISPOSTDATED>No</ISPOSTDATED>
<ISINVOICE>No</ISINVOICE>
<DIFFACTUALQTY>No</DIFFACTUALQTY>
<VOUCHERNUMBER>ALSM003953/21-22</VOUCHERNUMBER>
<PARTYLEDGERNAME>MICHELIN INDIA PRIVATE LIMITED</PARTYLEDGERNAME>
<STATENAME>Maharashtra</STATENAME>
<PARTYGSTIN>27AAGCM0107K1ZN</PARTYGSTIN>
<NARRATION>Being amount debited towards MISC INVOICE SALES AS described  TXGU5425304 MH46H1680, Invoice No: ALSM003953/21-22</NARRATION>
<ALLLEDGERENTRIES.LIST>
<REMOVEZEROENTRIES>No</REMOVEZEROENTRIES>
<ISDEEMEDPOSITIVE>Yes</ISDEEMEDPOSITIVE>
<LEDGERFROMITEM>No</LEDGERFROMITEM>
<LEDGERNAME>MICHELIN INDIA PRIVATE LIMITED</LEDGERNAME>
<AMOUNT>-3068.000</AMOUNT>
<BILLALLOCATIONS.LIST>
<NAME>ALSM003953/21-22</NAME>
<BILLTYPE>New Ref</BILLTYPE>
<AMOUNT>-3068.000</AMOUNT>
</BILLALLOCATIONS.LIST>
</ALLLEDGERENTRIES.LIST>
<ALLLEDGERENTRIES.LIST>
<REMOVEZEROENTRIES>No</REMOVEZEROENTRIES>
<ISDEEMEDPOSITIVE>No</ISDEEMEDPOSITIVE>
<LEDGERFROMITEM>No</LEDGERFROMITEM>
<LEDGERNAME>Misc.Sales</LEDGERNAME>
<AMOUNT>2600.000</AMOUNT>
</ALLLEDGERENTRIES.LIST>
<ALLLEDGERENTRIES.LIST>
<REMOVEZEROENTRIES>No</REMOVEZEROENTRIES>
<ISDEEMEDPOSITIVE>No</ISDEEMEDPOSITIVE>
<LEDGERFROMITEM>No</LEDGERFROMITEM>
<LEDGERNAME>CGST</LEDGERNAME>
<AMOUNT>234.000000000</AMOUNT>
</ALLLEDGERENTRIES.LIST>
<ALLLEDGERENTRIES.LIST>
<REMOVEZEROENTRIES>No</REMOVEZEROENTRIES>
<ISDEEMEDPOSITIVE>No</ISDEEMEDPOSITIVE>
<LEDGERFROMITEM>No</LEDGERFROMITEM>
<LEDGERNAME>SGST</LEDGERNAME>
<AMOUNT>234.000000000</AMOUNT>
</ALLLEDGERENTRIES.LIST>
<ALLLEDGERENTRIES.LIST>
<REMOVEZEROENTRIES>No</REMOVEZEROENTRIES>
<ISDEEMEDPOSITIVE>No</ISDEEMEDPOSITIVE>
<LEDGERFROMITEM>No</LEDGERFROMITEM>
<LEDGERNAME>SHORT AND EXCESS</LEDGERNAME>
<AMOUNT>0.000</AMOUNT>
</ALLLEDGERENTRIES.LIST>
</VOUCHER>
<VOUCHER>
<ISOPTIONAL>No</ISOPTIONAL>
<USEFORGAINLOSS>No</USEFORGAINLOSS>
<USEFORCOMPOUND>No</USEFORCOMPOUND>
<VOUCHERTYPENAME>MISC SALES GST</VOUCHERTYPENAME>
<DATE>20211125</DATE>
<EFFECTIVEDATE>20211125</EFFECTIVEDATE>
<ISCANCELLED>No</ISCANCELLED>
<USETRACKINGNUMBER>No</USETRACKINGNUMBER>
<ISPOSTDATED>No</ISPOSTDATED>
<ISINVOICE>No</ISINVOICE>
<DIFFACTUALQTY>No</DIFFACTUALQTY>
<VOUCHERNUMBER>ALSM003954/21-22</VOUCHERNUMBER>
<PARTYLEDGERNAME>ASHTE LOGISTICS PRIVATE LIMITED</PARTYLEDGERNAME>
<STATENAME>Maharashtra</STATENAME>
<PARTYGSTIN>27AAFCA6034J1ZO</PARTYGSTIN>
<NARRATION>Being amount debited towards MISC INVOICE SALES AS described  PCIU9531796   MH06AC2520, Invoice No: ALSM003954/21-22</NARRATION>
<ALLLEDGERENTRIES.LIST>
<REMOVEZEROENTRIES>No</REMOVEZEROENTRIES>
<ISDEEMEDPOSITIVE>Yes</ISDEEMEDPOSITIVE>
<LEDGERFROMITEM>No</LEDGERFROMITEM>
<LEDGERNAME>ASHTE LOGISTICS PRIVATE LIMITED</LEDGERNAME>
<AMOUNT>-3068.000</AMOUNT>
<BILLALLOCATIONS.LIST>
<NAME>ALSM003954/21-22</NAME>
<BILLTYPE>New Ref</BILLTYPE>
<AMOUNT>-3068.000</AMOUNT>
</BILLALLOCATIONS.LIST>
</ALLLEDGERENTRIES.LIST>
<ALLLEDGERENTRIES.LIST>
<REMOVEZEROENTRIES>No</REMOVEZEROENTRIES>
<ISDEEMEDPOSITIVE>No</ISDEEMEDPOSITIVE>
<LEDGERFROMITEM>No</LEDGERFROMITEM>
<LEDGERNAME>Misc.Sales</LEDGERNAME>
<AMOUNT>2600.000</AMOUNT>
</ALLLEDGERENTRIES.LIST>
<ALLLEDGERENTRIES.LIST>
<REMOVEZEROENTRIES>No</REMOVEZEROENTRIES>
<ISDEEMEDPOSITIVE>No</ISDEEMEDPOSITIVE>
<LEDGERFROMITEM>No</LEDGERFROMITEM>
<LEDGERNAME>CGST</LEDGERNAME>
<AMOUNT>234.000000000</AMOUNT>
</ALLLEDGERENTRIES.LIST>
<ALLLEDGERENTRIES.LIST>
<REMOVEZEROENTRIES>No</REMOVEZEROENTRIES>
<ISDEEMEDPOSITIVE>No</ISDEEMEDPOSITIVE>
<LEDGERFROMITEM>No</LEDGERFROMITEM>
<LEDGERNAME>SGST</LEDGERNAME>
<AMOUNT>234.000000000</AMOUNT>
</ALLLEDGERENTRIES.LIST>
<ALLLEDGERENTRIES.LIST>
<REMOVEZEROENTRIES>No</REMOVEZEROENTRIES>
<ISDEEMEDPOSITIVE>No</ISDEEMEDPOSITIVE>
<LEDGERFROMITEM>No</LEDGERFROMITEM>
<LEDGERNAME>SHORT AND EXCESS</LEDGERNAME>
<AMOUNT>0.000</AMOUNT>
</ALLLEDGERENTRIES.LIST>
</VOUCHER>
<VOUCHER>
<ISOPTIONAL>No</ISOPTIONAL>
<USEFORGAINLOSS>No</USEFORGAINLOSS>
<USEFORCOMPOUND>No</USEFORCOMPOUND>
<VOUCHERTYPENAME>MISC SALES GST</VOUCHERTYPENAME>
<DATE>20211125</DATE>
<EFFECTIVEDATE>20211125</EFFECTIVEDATE>
<ISCANCELLED>No</ISCANCELLED>
<USETRACKINGNUMBER>No</USETRACKINGNUMBER>
<ISPOSTDATED>No</ISPOSTDATED>
<ISINVOICE>No</ISINVOICE>
<DIFFACTUALQTY>No</DIFFACTUALQTY>
<VOUCHERNUMBER>ALSM003955/21-22</VOUCHERNUMBER>
<PARTYLEDGERNAME>AARTI DRUGS LTD</PARTYLEDGERNAME>
<STATENAME>Maharashtra</STATENAME>
<PARTYGSTIN>27AAACA4410D1ZE</PARTYGSTIN>
<NARRATION>Being amount debited towards MISC INVOICE SALES AS described  TCLU3342854   MH04FD5449, Invoice No: ALSM003955/21-22</NARRATION>
<ALLLEDGERENTRIES.LIST>
<REMOVEZEROENTRIES>No</REMOVEZEROENTRIES>
<ISDEEMEDPOSITIVE>Yes</ISDEEMEDPOSITIVE>
<LEDGERFROMITEM>No</LEDGERFROMITEM>
<LEDGERNAME>AARTI DRUGS LTD</LEDGERNAME>
<AMOUNT>-1534.000</AMOUNT>
<BILLALLOCATIONS.LIST>
<NAME>ALSM003955/21-22</NAME>
<BILLTYPE>New Ref</BILLTYPE>
<AMOUNT>-1534.000</AMOUNT>
</BILLALLOCATIONS.LIST>
</ALLLEDGERENTRIES.LIST>
<ALLLEDGERENTRIES.LIST>
<REMOVEZEROENTRIES>No</REMOVEZEROENTRIES>
<ISDEEMEDPOSITIVE>No</ISDEEMEDPOSITIVE>
<LEDGERFROMITEM>No</LEDGERFROMITEM>
<LEDGERNAME>Misc.Sales</LEDGERNAME>
<AMOUNT>1300.000</AMOUNT>
</ALLLEDGERENTRIES.LIST>
<ALLLEDGERENTRIES.LIST>
<REMOVEZEROENTRIES>No</REMOVEZEROENTRIES>
<ISDEEMEDPOSITIVE>No</ISDEEMEDPOSITIVE>
<LEDGERFROMITEM>No</LEDGERFROMITEM>
<LEDGERNAME>CGST</LEDGERNAME>
<AMOUNT>117.000000000</AMOUNT>
</ALLLEDGERENTRIES.LIST>
<ALLLEDGERENTRIES.LIST>
<REMOVEZEROENTRIES>No</REMOVEZEROENTRIES>
<ISDEEMEDPOSITIVE>No</ISDEEMEDPOSITIVE>
<LEDGERFROMITEM>No</LEDGERFROMITEM>
<LEDGERNAME>SGST</LEDGERNAME>
<AMOUNT>117.000000000</AMOUNT>
</ALLLEDGERENTRIES.LIST>
<ALLLEDGERENTRIES.LIST>
<REMOVEZEROENTRIES>No</REMOVEZEROENTRIES>
<ISDEEMEDPOSITIVE>No</ISDEEMEDPOSITIVE>
<LEDGERFROMITEM>No</LEDGERFROMITEM>
<LEDGERNAME>SHORT AND EXCESS</LEDGERNAME>
<AMOUNT>0.000</AMOUNT>
</ALLLEDGERENTRIES.LIST>
</VOUCHER>
<VOUCHER>
<ISOPTIONAL>No</ISOPTIONAL>
<USEFORGAINLOSS>No</USEFORGAINLOSS>
<USEFORCOMPOUND>No</USEFORCOMPOUND>
<VOUCHERTYPENAME>MISC SALES GST</VOUCHERTYPENAME>
<DATE>20211125</DATE>
<EFFECTIVEDATE>20211125</EFFECTIVEDATE>
<ISCANCELLED>No</ISCANCELLED>
<USETRACKINGNUMBER>No</USETRACKINGNUMBER>
<ISPOSTDATED>No</ISPOSTDATED>
<ISINVOICE>No</ISINVOICE>
<DIFFACTUALQTY>No</DIFFACTUALQTY>
<VOUCHERNUMBER>ALSM003956/21-22</VOUCHERNUMBER>
<PARTYLEDGERNAME>V P LOGISTIKS</PARTYLEDGERNAME>
<STATENAME>Maharashtra</STATENAME>
<PARTYGSTIN>27BLSPS2614E1ZV</PARTYGSTIN>
<NARRATION>Being amount debited towards MISC INVOICE SALES AS described  REGU5107134   MH46H3649, Invoice No: ALSM003956/21-22</NARRATION>
<ALLLEDGERENTRIES.LIST>
<REMOVEZEROENTRIES>No</REMOVEZEROENTRIES>
<ISDEEMEDPOSITIVE>Yes</ISDEEMEDPOSITIVE>
<LEDGERFROMITEM>No</LEDGERFROMITEM>
<LEDGERNAME>V P LOGISTIKS</LEDGERNAME>
<AMOUNT>-3068.000</AMOUNT>
<BILLALLOCATIONS.LIST>
<NAME>ALSM003956/21-22</NAME>
<BILLTYPE>New Ref</BILLTYPE>
<AMOUNT>-3068.000</AMOUNT>
</BILLALLOCATIONS.LIST>
</ALLLEDGERENTRIES.LIST>
<ALLLEDGERENTRIES.LIST>
<REMOVEZEROENTRIES>No</REMOVEZEROENTRIES>
<ISDEEMEDPOSITIVE>No</ISDEEMEDPOSITIVE>
<LEDGERFROMITEM>No</LEDGERFROMITEM>
<LEDGERNAME>Misc.Sales</LEDGERNAME>
<AMOUNT>2600.000</AMOUNT>
</ALLLEDGERENTRIES.LIST>
<ALLLEDGERENTRIES.LIST>
<REMOVEZEROENTRIES>No</REMOVEZEROENTRIES>
<ISDEEMEDPOSITIVE>No</ISDEEMEDPOSITIVE>
<LEDGERFROMITEM>No</LEDGERFROMITEM>
<LEDGERNAME>CGST</LEDGERNAME>
<AMOUNT>234.000000000</AMOUNT>
</ALLLEDGERENTRIES.LIST>
<ALLLEDGERENTRIES.LIST>
<REMOVEZEROENTRIES>No</REMOVEZEROENTRIES>
<ISDEEMEDPOSITIVE>No</ISDEEMEDPOSITIVE>
<LEDGERFROMITEM>No</LEDGERFROMITEM>
<LEDGERNAME>SGST</LEDGERNAME>
<AMOUNT>234.000000000</AMOUNT>
</ALLLEDGERENTRIES.LIST>
<ALLLEDGERENTRIES.LIST>
<REMOVEZEROENTRIES>No</REMOVEZEROENTRIES>
<ISDEEMEDPOSITIVE>No</ISDEEMEDPOSITIVE>
<LEDGERFROMITEM>No</LEDGERFROMITEM>
<LEDGERNAME>SHORT AND EXCESS</LEDGERNAME>
<AMOUNT>0.000</AMOUNT>
</ALLLEDGERENTRIES.LIST>
</VOUCHER>
<VOUCHER>
<ISOPTIONAL>No</ISOPTIONAL>
<USEFORGAINLOSS>No</USEFORGAINLOSS>
<USEFORCOMPOUND>No</USEFORCOMPOUND>
<VOUCHERTYPENAME>MISC SALES GST</VOUCHERTYPENAME>
<DATE>20211125</DATE>
<EFFECTIVEDATE>20211125</EFFECTIVEDATE>
<ISCANCELLED>No</ISCANCELLED>
<USETRACKINGNUMBER>No</USETRACKINGNUMBER>
<ISPOSTDATED>No</ISPOSTDATED>
<ISINVOICE>No</ISINVOICE>
<DIFFACTUALQTY>No</DIFFACTUALQTY>
<VOUCHERNUMBER>ALSM003957/21-22</VOUCHERNUMBER>
<PARTYLEDGERNAME>WALK IN CUSTOMER</PARTYLEDGERNAME>
<STATENAME>Maharashtra</STATENAME>
<PARTYGSTIN></PARTYGSTIN>
<NARRATION>Being amount debited towards MISC INVOICE SALES AS described  Document print charges 23/11/21, Invoice No: ALSM003957/21-22</NARRATION>
<ALLLEDGERENTRIES.LIST>
<REMOVEZEROENTRIES>No</REMOVEZEROENTRIES>
<ISDEEMEDPOSITIVE>Yes</ISDEEMEDPOSITIVE>
<LEDGERFROMITEM>No</LEDGERFROMITEM>
<LEDGERNAME>WALK IN CUSTOMER</LEDGERNAME>
<AMOUNT>-1077.340</AMOUNT>
<BILLALLOCATIONS.LIST>
<NAME>ALSM003957/21-22</NAME>
<BILLTYPE>New Ref</BILLTYPE>
<AMOUNT>-1077.340</AMOUNT>
</BILLALLOCATIONS.LIST>
</ALLLEDGERENTRIES.LIST>
<ALLLEDGERENTRIES.LIST>
<REMOVEZEROENTRIES>No</REMOVEZEROENTRIES>
<ISDEEMEDPOSITIVE>No</ISDEEMEDPOSITIVE>
<LEDGERFROMITEM>No</LEDGERFROMITEM>
<LEDGERNAME>Misc. Sales</LEDGERNAME>
<AMOUNT>913.000</AMOUNT>
</ALLLEDGERENTRIES.LIST>
<ALLLEDGERENTRIES.LIST>
<REMOVEZEROENTRIES>No</REMOVEZEROENTRIES>
<ISDEEMEDPOSITIVE>No</ISDEEMEDPOSITIVE>
<LEDGERFROMITEM>No</LEDGERFROMITEM>
<LEDGERNAME>CGST</LEDGERNAME>
<AMOUNT>82.170000000</AMOUNT>
</ALLLEDGERENTRIES.LIST>
<ALLLEDGERENTRIES.LIST>
<REMOVEZEROENTRIES>No</REMOVEZEROENTRIES>
<ISDEEMEDPOSITIVE>No</ISDEEMEDPOSITIVE>
<LEDGERFROMITEM>No</LEDGERFROMITEM>
<LEDGERNAME>SGST</LEDGERNAME>
<AMOUNT>82.170000000</AMOUNT>
</ALLLEDGERENTRIES.LIST>
<ALLLEDGERENTRIES.LIST>
<REMOVEZEROENTRIES>No</REMOVEZEROENTRIES>
<ISDEEMEDPOSITIVE>No</ISDEEMEDPOSITIVE>
<LEDGERFROMITEM>No</LEDGERFROMITEM>
<LEDGERNAME>SHORT AND EXCESS</LEDGERNAME>
<AMOUNT>-0.340</AMOUNT>
</ALLLEDGERENTRIES.LIST>
</VOUCHER>
<VOUCHER>
<ISOPTIONAL>No</ISOPTIONAL>
<USEFORGAINLOSS>No</USEFORGAINLOSS>
<USEFORCOMPOUND>No</USEFORCOMPOUND>
<VOUCHERTYPENAME>MISC SALES GST</VOUCHERTYPENAME>
<DATE>20211125</DATE>
<EFFECTIVEDATE>20211125</EFFECTIVEDATE>
<ISCANCELLED>No</ISCANCELLED>
<USETRACKINGNUMBER>No</USETRACKINGNUMBER>
<ISPOSTDATED>No</ISPOSTDATED>
<ISINVOICE>No</ISINVOICE>
<DIFFACTUALQTY>No</DIFFACTUALQTY>
<VOUCHERNUMBER>ALSM003958/21-22</VOUCHERNUMBER>
<PARTYLEDGERNAME>WALK IN CUSTOMER</PARTYLEDGERNAME>
<STATENAME>Maharashtra</STATENAME>
<PARTYGSTIN></PARTYGSTIN>
<NARRATION>Being amount debited towards MISC INVOICE SALES AS described  Document print charges 24/11/21, Invoice No: ALSM003958/21-22</NARRATION>
<ALLLEDGERENTRIES.LIST>
<REMOVEZEROENTRIES>No</REMOVEZEROENTRIES>
<ISDEEMEDPOSITIVE>Yes</ISDEEMEDPOSITIVE>
<LEDGERFROMITEM>No</LEDGERFROMITEM>
<LEDGERNAME>WALK IN CUSTOMER</LEDGERNAME>
<AMOUNT>-2154.680</AMOUNT>
<BILLALLOCATIONS.LIST>
<NAME>ALSM003958/21-22</NAME>
<BILLTYPE>New Ref</BILLTYPE>
<AMOUNT>-2154.680</AMOUNT>
</BILLALLOCATIONS.LIST>
</ALLLEDGERENTRIES.LIST>
<ALLLEDGERENTRIES.LIST>
<REMOVEZEROENTRIES>No</REMOVEZEROENTRIES>
<ISDEEMEDPOSITIVE>No</ISDEEMEDPOSITIVE>
<LEDGERFROMITEM>No</LEDGERFROMITEM>
<LEDGERNAME>Misc. Sales</LEDGERNAME>
<AMOUNT>1826.000</AMOUNT>
</ALLLEDGERENTRIES.LIST>
<ALLLEDGERENTRIES.LIST>
<REMOVEZEROENTRIES>No</REMOVEZEROENTRIES>
<ISDEEMEDPOSITIVE>No</ISDEEMEDPOSITIVE>
<LEDGERFROMITEM>No</LEDGERFROMITEM>
<LEDGERNAME>CGST</LEDGERNAME>
<AMOUNT>164.340000000</AMOUNT>
</ALLLEDGERENTRIES.LIST>
<ALLLEDGERENTRIES.LIST>
<REMOVEZEROENTRIES>No</REMOVEZEROENTRIES>
<ISDEEMEDPOSITIVE>No</ISDEEMEDPOSITIVE>
<LEDGERFROMITEM>No</LEDGERFROMITEM>
<LEDGERNAME>SGST</LEDGERNAME>
<AMOUNT>164.340000000</AMOUNT>
</ALLLEDGERENTRIES.LIST>
<ALLLEDGERENTRIES.LIST>
<REMOVEZEROENTRIES>No</REMOVEZEROENTRIES>
<ISDEEMEDPOSITIVE>No</ISDEEMEDPOSITIVE>
<LEDGERFROMITEM>No</LEDGERFROMITEM>
<LEDGERNAME>SHORT AND EXCESS</LEDGERNAME>
<AMOUNT>0.320</AMOUNT>
</ALLLEDGERENTRIES.LIST>
</VOUCHER>
<VOUCHER>
<ISOPTIONAL>No</ISOPTIONAL>
<USEFORGAINLOSS>No</USEFORGAINLOSS>
<USEFORCOMPOUND>No</USEFORCOMPOUND>
<VOUCHERTYPENAME>MISC SALES GST</VOUCHERTYPENAME>
<DATE>20211125</DATE>
<EFFECTIVEDATE>20211125</EFFECTIVEDATE>
<ISCANCELLED>No</ISCANCELLED>
<USETRACKINGNUMBER>No</USETRACKINGNUMBER>
<ISPOSTDATED>No</ISPOSTDATED>
<ISINVOICE>No</ISINVOICE>
<DIFFACTUALQTY>No</DIFFACTUALQTY>
<VOUCHERNUMBER>ALSM003959/21-22</VOUCHERNUMBER>
<PARTYLEDGERNAME>SANDEEP ORGANICS PVT LTD</PARTYLEDGERNAME>
<STATENAME>Maharashtra</STATENAME>
<PARTYGSTIN>27AAICS7052F1Z8</PARTYGSTIN>
<NARRATION>Being amount debited towards MISC INVOICE SALES AS described  FBIU0377097 MH46H2005, Invoice No: ALSM003959/21-22</NARRATION>
<ALLLEDGERENTRIES.LIST>
<REMOVEZEROENTRIES>No</REMOVEZEROENTRIES>
<ISDEEMEDPOSITIVE>Yes</ISDEEMEDPOSITIVE>
<LEDGERFROMITEM>No</LEDGERFROMITEM>
<LEDGERNAME>SANDEEP ORGANICS PVT LTD</LEDGERNAME>
<AMOUNT>-1534.000</AMOUNT>
<BILLALLOCATIONS.LIST>
<NAME>ALSM003959/21-22</NAME>
<BILLTYPE>New Ref</BILLTYPE>
<AMOUNT>-1534.000</AMOUNT>
</BILLALLOCATIONS.LIST>
</ALLLEDGERENTRIES.LIST>
<ALLLEDGERENTRIES.LIST>
<REMOVEZEROENTRIES>No</REMOVEZEROENTRIES>
<ISDEEMEDPOSITIVE>No</ISDEEMEDPOSITIVE>
<LEDGERFROMITEM>No</LEDGERFROMITEM>
<LEDGERNAME>Misc.Sales</LEDGERNAME>
<AMOUNT>1300.000</AMOUNT>
</ALLLEDGERENTRIES.LIST>
<ALLLEDGERENTRIES.LIST>
<REMOVEZEROENTRIES>No</REMOVEZEROENTRIES>
<ISDEEMEDPOSITIVE>No</ISDEEMEDPOSITIVE>
<LEDGERFROMITEM>No</LEDGERFROMITEM>
<LEDGERNAME>CGST</LEDGERNAME>
<AMOUNT>117.000000000</AMOUNT>
</ALLLEDGERENTRIES.LIST>
<ALLLEDGERENTRIES.LIST>
<REMOVEZEROENTRIES>No</REMOVEZEROENTRIES>
<ISDEEMEDPOSITIVE>No</ISDEEMEDPOSITIVE>
<LEDGERFROMITEM>No</LEDGERFROMITEM>
<LEDGERNAME>SGST</LEDGERNAME>
<AMOUNT>117.000000000</AMOUNT>
</ALLLEDGERENTRIES.LIST>
<ALLLEDGERENTRIES.LIST>
<REMOVEZEROENTRIES>No</REMOVEZEROENTRIES>
<ISDEEMEDPOSITIVE>No</ISDEEMEDPOSITIVE>
<LEDGERFROMITEM>No</LEDGERFROMITEM>
<LEDGERNAME>SHORT AND EXCESS</LEDGERNAME>
<AMOUNT>0.000</AMOUNT>
</ALLLEDGERENTRIES.LIST>
</VOUCHER>
<VOUCHER>
<ISOPTIONAL>No</ISOPTIONAL>
<USEFORGAINLOSS>No</USEFORGAINLOSS>
<USEFORCOMPOUND>No</USEFORCOMPOUND>
<VOUCHERTYPENAME>MISC SALES GST</VOUCHERTYPENAME>
<DATE>20211125</DATE>
<EFFECTIVEDATE>20211125</EFFECTIVEDATE>
<ISCANCELLED>No</ISCANCELLED>
<USETRACKINGNUMBER>No</USETRACKINGNUMBER>
<ISPOSTDATED>No</ISPOSTDATED>
<ISINVOICE>No</ISINVOICE>
<DIFFACTUALQTY>No</DIFFACTUALQTY>
<VOUCHERNUMBER>ALSM003960/21-22</VOUCHERNUMBER>
<PARTYLEDGERNAME>SANDEEP ORGANICS PVT LTD</PARTYLEDGERNAME>
<STATENAME>Maharashtra</STATENAME>
<PARTYGSTIN>27AAICS7052F1Z8</PARTYGSTIN>
<NARRATION>Being amount debited towards MISC INVOICE SALES AS described  UETU2561255 MH04FU1349, Invoice No: ALSM003960/21-22</NARRATION>
<ALLLEDGERENTRIES.LIST>
<REMOVEZEROENTRIES>No</REMOVEZEROENTRIES>
<ISDEEMEDPOSITIVE>Yes</ISDEEMEDPOSITIVE>
<LEDGERFROMITEM>No</LEDGERFROMITEM>
<LEDGERNAME>SANDEEP ORGANICS PVT LTD</LEDGERNAME>
<AMOUNT>-1534.000</AMOUNT>
<BILLALLOCATIONS.LIST>
<NAME>ALSM003960/21-22</NAME>
<BILLTYPE>New Ref</BILLTYPE>
<AMOUNT>-1534.000</AMOUNT>
</BILLALLOCATIONS.LIST>
</ALLLEDGERENTRIES.LIST>
<ALLLEDGERENTRIES.LIST>
<REMOVEZEROENTRIES>No</REMOVEZEROENTRIES>
<ISDEEMEDPOSITIVE>No</ISDEEMEDPOSITIVE>
<LEDGERFROMITEM>No</LEDGERFROMITEM>
<LEDGERNAME>Misc.Sales</LEDGERNAME>
<AMOUNT>1300.000</AMOUNT>
</ALLLEDGERENTRIES.LIST>
<ALLLEDGERENTRIES.LIST>
<REMOVEZEROENTRIES>No</REMOVEZEROENTRIES>
<ISDEEMEDPOSITIVE>No</ISDEEMEDPOSITIVE>
<LEDGERFROMITEM>No</LEDGERFROMITEM>
<LEDGERNAME>CGST</LEDGERNAME>
<AMOUNT>117.000000000</AMOUNT>
</ALLLEDGERENTRIES.LIST>
<ALLLEDGERENTRIES.LIST>
<REMOVEZEROENTRIES>No</REMOVEZEROENTRIES>
<ISDEEMEDPOSITIVE>No</ISDEEMEDPOSITIVE>
<LEDGERFROMITEM>No</LEDGERFROMITEM>
<LEDGERNAME>SGST</LEDGERNAME>
<AMOUNT>117.000000000</AMOUNT>
</ALLLEDGERENTRIES.LIST>
<ALLLEDGERENTRIES.LIST>
<REMOVEZEROENTRIES>No</REMOVEZEROENTRIES>
<ISDEEMEDPOSITIVE>No</ISDEEMEDPOSITIVE>
<LEDGERFROMITEM>No</LEDGERFROMITEM>
<LEDGERNAME>SHORT AND EXCESS</LEDGERNAME>
<AMOUNT>0.000</AMOUNT>
</ALLLEDGERENTRIES.LIST>
</VOUCHER>
<VOUCHER>
<ISOPTIONAL>No</ISOPTIONAL>
<USEFORGAINLOSS>No</USEFORGAINLOSS>
<USEFORCOMPOUND>No</USEFORCOMPOUND>
<VOUCHERTYPENAME>MISC SALES GST</VOUCHERTYPENAME>
<DATE>20211125</DATE>
<EFFECTIVEDATE>20211125</EFFECTIVEDATE>
<ISCANCELLED>No</ISCANCELLED>
<USETRACKINGNUMBER>No</USETRACKINGNUMBER>
<ISPOSTDATED>No</ISPOSTDATED>
<ISINVOICE>No</ISINVOICE>
<DIFFACTUALQTY>No</DIFFACTUALQTY>
<VOUCHERNUMBER>ALSM003961/21-22</VOUCHERNUMBER>
<PARTYLEDGERNAME>J M BAXI PORTS  LOGISTICS PRIVATE LIMITED</PARTYLEDGERNAME>
<STATENAME>Maharashtra</STATENAME>
<PARTYGSTIN>27AAACU5182C1ZH</PARTYGSTIN>
<NARRATION>Being amount debited towards MISC INVOICE SALES AS described  PCIU0193358  / PCIU0061027 MH46H5786, Invoice No: ALSM003961/21-22</NARRATION>
<ALLLEDGERENTRIES.LIST>
<REMOVEZEROENTRIES>No</REMOVEZEROENTRIES>
<ISDEEMEDPOSITIVE>Yes</ISDEEMEDPOSITIVE>
<LEDGERFROMITEM>No</LEDGERFROMITEM>
<LEDGERNAME>J M BAXI PORTS  LOGISTICS PRIVATE LIMITED</LEDGERNAME>
<AMOUNT>-3068.000</AMOUNT>
<BILLALLOCATIONS.LIST>
<NAME>ALSM003961/21-22</NAME>
<BILLTYPE>New Ref</BILLTYPE>
<AMOUNT>-3068.000</AMOUNT>
</BILLALLOCATIONS.LIST>
</ALLLEDGERENTRIES.LIST>
<ALLLEDGERENTRIES.LIST>
<REMOVEZEROENTRIES>No</REMOVEZEROENTRIES>
<ISDEEMEDPOSITIVE>No</ISDEEMEDPOSITIVE>
<LEDGERFROMITEM>No</LEDGERFROMITEM>
<LEDGERNAME>Misc.Sales</LEDGERNAME>
<AMOUNT>2600.000</AMOUNT>
</ALLLEDGERENTRIES.LIST>
<ALLLEDGERENTRIES.LIST>
<REMOVEZEROENTRIES>No</REMOVEZEROENTRIES>
<ISDEEMEDPOSITIVE>No</ISDEEMEDPOSITIVE>
<LEDGERFROMITEM>No</LEDGERFROMITEM>
<LEDGERNAME>CGST</LEDGERNAME>
<AMOUNT>234.000000000</AMOUNT>
</ALLLEDGERENTRIES.LIST>
<ALLLEDGERENTRIES.LIST>
<REMOVEZEROENTRIES>No</REMOVEZEROENTRIES>
<ISDEEMEDPOSITIVE>No</ISDEEMEDPOSITIVE>
<LEDGERFROMITEM>No</LEDGERFROMITEM>
<LEDGERNAME>SGST</LEDGERNAME>
<AMOUNT>234.000000000</AMOUNT>
</ALLLEDGERENTRIES.LIST>
<ALLLEDGERENTRIES.LIST>
<REMOVEZEROENTRIES>No</REMOVEZEROENTRIES>
<ISDEEMEDPOSITIVE>No</ISDEEMEDPOSITIVE>
<LEDGERFROMITEM>No</LEDGERFROMITEM>
<LEDGERNAME>SHORT AND EXCESS</LEDGERNAME>
<AMOUNT>0.000</AMOUNT>
</ALLLEDGERENTRIES.LIST>
</VOUCHER>
<VOUCHER>
<ISOPTIONAL>No</ISOPTIONAL>
<USEFORGAINLOSS>No</USEFORGAINLOSS>
<USEFORCOMPOUND>No</USEFORCOMPOUND>
<VOUCHERTYPENAME>MISC SALES GST</VOUCHERTYPENAME>
<DATE>20211125</DATE>
<EFFECTIVEDATE>20211125</EFFECTIVEDATE>
<ISCANCELLED>No</ISCANCELLED>
<USETRACKINGNUMBER>No</USETRACKINGNUMBER>
<ISPOSTDATED>No</ISPOSTDATED>
<ISINVOICE>No</ISINVOICE>
<DIFFACTUALQTY>No</DIFFACTUALQTY>
<VOUCHERNUMBER>ALSM003962/21-22</VOUCHERNUMBER>
<PARTYLEDGERNAME>DEEPAK LOGISTICS  FORWARDERS</PARTYLEDGERNAME>
<STATENAME>Maharashtra</STATENAME>
<PARTYGSTIN>27AALFD1650J1ZD</PARTYGSTIN>
<NARRATION>Being amount debited towards MISC INVOICE SALES AS described  PCIU1872630 MH46BF4510, Invoice No: ALSM003962/21-22</NARRATION>
<ALLLEDGERENTRIES.LIST>
<REMOVEZEROENTRIES>No</REMOVEZEROENTRIES>
<ISDEEMEDPOSITIVE>Yes</ISDEEMEDPOSITIVE>
<LEDGERFROMITEM>No</LEDGERFROMITEM>
<LEDGERNAME>DEEPAK LOGISTICS  FORWARDERS</LEDGERNAME>
<AMOUNT>-1534.000</AMOUNT>
<BILLALLOCATIONS.LIST>
<NAME>ALSM003962/21-22</NAME>
<BILLTYPE>New Ref</BILLTYPE>
<AMOUNT>-1534.000</AMOUNT>
</BILLALLOCATIONS.LIST>
</ALLLEDGERENTRIES.LIST>
<ALLLEDGERENTRIES.LIST>
<REMOVEZEROENTRIES>No</REMOVEZEROENTRIES>
<ISDEEMEDPOSITIVE>No</ISDEEMEDPOSITIVE>
<LEDGERFROMITEM>No</LEDGERFROMITEM>
<LEDGERNAME>Misc.Sales</LEDGERNAME>
<AMOUNT>1300.000</AMOUNT>
</ALLLEDGERENTRIES.LIST>
<ALLLEDGERENTRIES.LIST>
<REMOVEZEROENTRIES>No</REMOVEZEROENTRIES>
<ISDEEMEDPOSITIVE>No</ISDEEMEDPOSITIVE>
<LEDGERFROMITEM>No</LEDGERFROMITEM>
<LEDGERNAME>CGST</LEDGERNAME>
<AMOUNT>117.000000000</AMOUNT>
</ALLLEDGERENTRIES.LIST>
<ALLLEDGERENTRIES.LIST>
<REMOVEZEROENTRIES>No</REMOVEZEROENTRIES>
<ISDEEMEDPOSITIVE>No</ISDEEMEDPOSITIVE>
<LEDGERFROMITEM>No</LEDGERFROMITEM>
<LEDGERNAME>SGST</LEDGERNAME>
<AMOUNT>117.000000000</AMOUNT>
</ALLLEDGERENTRIES.LIST>
<ALLLEDGERENTRIES.LIST>
<REMOVEZEROENTRIES>No</REMOVEZEROENTRIES>
<ISDEEMEDPOSITIVE>No</ISDEEMEDPOSITIVE>
<LEDGERFROMITEM>No</LEDGERFROMITEM>
<LEDGERNAME>SHORT AND EXCESS</LEDGERNAME>
<AMOUNT>0.000</AMOUNT>
</ALLLEDGERENTRIES.LIST>
</VOUCHER>
<VOUCHER>
<ISOPTIONAL>No</ISOPTIONAL>
<USEFORGAINLOSS>No</USEFORGAINLOSS>
<USEFORCOMPOUND>No</USEFORCOMPOUND>
<VOUCHERTYPENAME>MISC SALES GST</VOUCHERTYPENAME>
<DATE>20211125</DATE>
<EFFECTIVEDATE>20211125</EFFECTIVEDATE>
<ISCANCELLED>No</ISCANCELLED>
<USETRACKINGNUMBER>No</USETRACKINGNUMBER>
<ISPOSTDATED>No</ISPOSTDATED>
<ISINVOICE>No</ISINVOICE>
<DIFFACTUALQTY>No</DIFFACTUALQTY>
<VOUCHERNUMBER>ALSM003963/21-22</VOUCHERNUMBER>
<PARTYLEDGERNAME>SANDEEP ORGANICS PVT LTD</PARTYLEDGERNAME>
<STATENAME>Maharashtra</STATENAME>
<PARTYGSTIN>27AAICS7052F1Z8</PARTYGSTIN>
<NARRATION>Being amount debited towards MISC INVOICE SALES AS described  TLLU2880431 MH04DS1012, Invoice No: ALSM003963/21-22</NARRATION>
<ALLLEDGERENTRIES.LIST>
<REMOVEZEROENTRIES>No</REMOVEZEROENTRIES>
<ISDEEMEDPOSITIVE>Yes</ISDEEMEDPOSITIVE>
<LEDGERFROMITEM>No</LEDGERFROMITEM>
<LEDGERNAME>SANDEEP ORGANICS PVT LTD</LEDGERNAME>
<AMOUNT>-1534.000</AMOUNT>
<BILLALLOCATIONS.LIST>
<NAME>ALSM003963/21-22</NAME>
<BILLTYPE>New Ref</BILLTYPE>
<AMOUNT>-1534.000</AMOUNT>
</BILLALLOCATIONS.LIST>
</ALLLEDGERENTRIES.LIST>
<ALLLEDGERENTRIES.LIST>
<REMOVEZEROENTRIES>No</REMOVEZEROENTRIES>
<ISDEEMEDPOSITIVE>No</ISDEEMEDPOSITIVE>
<LEDGERFROMITEM>No</LEDGERFROMITEM>
<LEDGERNAME>Misc.Sales</LEDGERNAME>
<AMOUNT>1300.000</AMOUNT>
</ALLLEDGERENTRIES.LIST>
<ALLLEDGERENTRIES.LIST>
<REMOVEZEROENTRIES>No</REMOVEZEROENTRIES>
<ISDEEMEDPOSITIVE>No</ISDEEMEDPOSITIVE>
<LEDGERFROMITEM>No</LEDGERFROMITEM>
<LEDGERNAME>CGST</LEDGERNAME>
<AMOUNT>117.000000000</AMOUNT>
</ALLLEDGERENTRIES.LIST>
<ALLLEDGERENTRIES.LIST>
<REMOVEZEROENTRIES>No</REMOVEZEROENTRIES>
<ISDEEMEDPOSITIVE>No</ISDEEMEDPOSITIVE>
<LEDGERFROMITEM>No</LEDGERFROMITEM>
<LEDGERNAME>SGST</LEDGERNAME>
<AMOUNT>117.000000000</AMOUNT>
</ALLLEDGERENTRIES.LIST>
<ALLLEDGERENTRIES.LIST>
<REMOVEZEROENTRIES>No</REMOVEZEROENTRIES>
<ISDEEMEDPOSITIVE>No</ISDEEMEDPOSITIVE>
<LEDGERFROMITEM>No</LEDGERFROMITEM>
<LEDGERNAME>SHORT AND EXCESS</LEDGERNAME>
<AMOUNT>0.000</AMOUNT>
</ALLLEDGERENTRIES.LIST>
</VOUCHER>
<VOUCHER>
<ISOPTIONAL>No</ISOPTIONAL>
<USEFORGAINLOSS>No</USEFORGAINLOSS>
<USEFORCOMPOUND>No</USEFORCOMPOUND>
<VOUCHERTYPENAME>MISC SALES GST</VOUCHERTYPENAME>
<DATE>20211125</DATE>
<EFFECTIVEDATE>20211125</EFFECTIVEDATE>
<ISCANCELLED>No</ISCANCELLED>
<USETRACKINGNUMBER>No</USETRACKINGNUMBER>
<ISPOSTDATED>No</ISPOSTDATED>
<ISINVOICE>No</ISINVOICE>
<DIFFACTUALQTY>No</DIFFACTUALQTY>
<VOUCHERNUMBER>ALSM003964/21-22</VOUCHERNUMBER>
<PARTYLEDGERNAME>DEEPAK LOGISTICS  FORWARDERS</PARTYLEDGERNAME>
<STATENAME>Maharashtra</STATENAME>
<PARTYGSTIN>27AALFD1650J1ZD</PARTYGSTIN>
<NARRATION>Being amount debited towards MISC INVOICE SALES AS described  PCIU0057367 MH46AR2758, Invoice No: ALSM003964/21-22</NARRATION>
<ALLLEDGERENTRIES.LIST>
<REMOVEZEROENTRIES>No</REMOVEZEROENTRIES>
<ISDEEMEDPOSITIVE>Yes</ISDEEMEDPOSITIVE>
<LEDGERFROMITEM>No</LEDGERFROMITEM>
<LEDGERNAME>DEEPAK LOGISTICS  FORWARDERS</LEDGERNAME>
<AMOUNT>-1534.000</AMOUNT>
<BILLALLOCATIONS.LIST>
<NAME>ALSM003964/21-22</NAME>
<BILLTYPE>New Ref</BILLTYPE>
<AMOUNT>-1534.000</AMOUNT>
</BILLALLOCATIONS.LIST>
</ALLLEDGERENTRIES.LIST>
<ALLLEDGERENTRIES.LIST>
<REMOVEZEROENTRIES>No</REMOVEZEROENTRIES>
<ISDEEMEDPOSITIVE>No</ISDEEMEDPOSITIVE>
<LEDGERFROMITEM>No</LEDGERFROMITEM>
<LEDGERNAME>Misc.Sales</LEDGERNAME>
<AMOUNT>1300.000</AMOUNT>
</ALLLEDGERENTRIES.LIST>
<ALLLEDGERENTRIES.LIST>
<REMOVEZEROENTRIES>No</REMOVEZEROENTRIES>
<ISDEEMEDPOSITIVE>No</ISDEEMEDPOSITIVE>
<LEDGERFROMITEM>No</LEDGERFROMITEM>
<LEDGERNAME>CGST</LEDGERNAME>
<AMOUNT>117.000000000</AMOUNT>
</ALLLEDGERENTRIES.LIST>
<ALLLEDGERENTRIES.LIST>
<REMOVEZEROENTRIES>No</REMOVEZEROENTRIES>
<ISDEEMEDPOSITIVE>No</ISDEEMEDPOSITIVE>
<LEDGERFROMITEM>No</LEDGERFROMITEM>
<LEDGERNAME>SGST</LEDGERNAME>
<AMOUNT>117.000000000</AMOUNT>
</ALLLEDGERENTRIES.LIST>
<ALLLEDGERENTRIES.LIST>
<REMOVEZEROENTRIES>No</REMOVEZEROENTRIES>
<ISDEEMEDPOSITIVE>No</ISDEEMEDPOSITIVE>
<LEDGERFROMITEM>No</LEDGERFROMITEM>
<LEDGERNAME>SHORT AND EXCESS</LEDGERNAME>
<AMOUNT>0.000</AMOUNT>
</ALLLEDGERENTRIES.LIST>
</VOUCHER>
<VOUCHER>
<ISOPTIONAL>No</ISOPTIONAL>
<USEFORGAINLOSS>No</USEFORGAINLOSS>
<USEFORCOMPOUND>No</USEFORCOMPOUND>
<VOUCHERTYPENAME>MISC SALES GST</VOUCHERTYPENAME>
<DATE>20211125</DATE>
<EFFECTIVEDATE>20211125</EFFECTIVEDATE>
<ISCANCELLED>No</ISCANCELLED>
<USETRACKINGNUMBER>No</USETRACKINGNUMBER>
<ISPOSTDATED>No</ISPOSTDATED>
<ISINVOICE>No</ISINVOICE>
<DIFFACTUALQTY>No</DIFFACTUALQTY>
<VOUCHERNUMBER>ALSM003965/21-22</VOUCHERNUMBER>
<PARTYLEDGERNAME>SHAH C J WORLD LLP</PARTYLEDGERNAME>
<STATENAME>Maharashtra</STATENAME>
<PARTYGSTIN>27ADVFS5201P1ZB</PARTYGSTIN>
<NARRATION>Being amount debited towards MISC INVOICE SALES AS described  PCIU2839534 MH43U3679, Invoice No: ALSM003965/21-22</NARRATION>
<ALLLEDGERENTRIES.LIST>
<REMOVEZEROENTRIES>No</REMOVEZEROENTRIES>
<ISDEEMEDPOSITIVE>Yes</ISDEEMEDPOSITIVE>
<LEDGERFROMITEM>No</LEDGERFROMITEM>
<LEDGERNAME>SHAH C J WORLD LLP</LEDGERNAME>
<AMOUNT>-1534.000</AMOUNT>
<BILLALLOCATIONS.LIST>
<NAME>ALSM003965/21-22</NAME>
<BILLTYPE>New Ref</BILLTYPE>
<AMOUNT>-1534.000</AMOUNT>
</BILLALLOCATIONS.LIST>
</ALLLEDGERENTRIES.LIST>
<ALLLEDGERENTRIES.LIST>
<REMOVEZEROENTRIES>No</REMOVEZEROENTRIES>
<ISDEEMEDPOSITIVE>No</ISDEEMEDPOSITIVE>
<LEDGERFROMITEM>No</LEDGERFROMITEM>
<LEDGERNAME>Misc.Sales</LEDGERNAME>
<AMOUNT>1300.000</AMOUNT>
</ALLLEDGERENTRIES.LIST>
<ALLLEDGERENTRIES.LIST>
<REMOVEZEROENTRIES>No</REMOVEZEROENTRIES>
<ISDEEMEDPOSITIVE>No</ISDEEMEDPOSITIVE>
<LEDGERFROMITEM>No</LEDGERFROMITEM>
<LEDGERNAME>CGST</LEDGERNAME>
<AMOUNT>117.000000000</AMOUNT>
</ALLLEDGERENTRIES.LIST>
<ALLLEDGERENTRIES.LIST>
<REMOVEZEROENTRIES>No</REMOVEZEROENTRIES>
<ISDEEMEDPOSITIVE>No</ISDEEMEDPOSITIVE>
<LEDGERFROMITEM>No</LEDGERFROMITEM>
<LEDGERNAME>SGST</LEDGERNAME>
<AMOUNT>117.000000000</AMOUNT>
</ALLLEDGERENTRIES.LIST>
<ALLLEDGERENTRIES.LIST>
<REMOVEZEROENTRIES>No</REMOVEZEROENTRIES>
<ISDEEMEDPOSITIVE>No</ISDEEMEDPOSITIVE>
<LEDGERFROMITEM>No</LEDGERFROMITEM>
<LEDGERNAME>SHORT AND EXCESS</LEDGERNAME>
<AMOUNT>0.000</AMOUNT>
</ALLLEDGERENTRIES.LIST>
</VOUCHER>
<VOUCHER>
<ISOPTIONAL>No</ISOPTIONAL>
<USEFORGAINLOSS>No</USEFORGAINLOSS>
<USEFORCOMPOUND>No</USEFORCOMPOUND>
<VOUCHERTYPENAME>MISC SALES GST</VOUCHERTYPENAME>
<DATE>20211125</DATE>
<EFFECTIVEDATE>20211125</EFFECTIVEDATE>
<ISCANCELLED>No</ISCANCELLED>
<USETRACKINGNUMBER>No</USETRACKINGNUMBER>
<ISPOSTDATED>No</ISPOSTDATED>
<ISINVOICE>No</ISINVOICE>
<DIFFACTUALQTY>No</DIFFACTUALQTY>
<VOUCHERNUMBER>ALSM003966/21-22</VOUCHERNUMBER>
<PARTYLEDGERNAME>APEX BRASS ALLOY PRIVATE LIMITED</PARTYLEDGERNAME>
<STATENAME>Maharashtra</STATENAME>
<PARTYGSTIN>27AAVCA6358H1Z2</PARTYGSTIN>
<NARRATION>Being amount debited towards MISC INVOICE SALES AS described  FCIU3816934 MH46AR3386, Invoice No: ALSM003966/21-22</NARRATION>
<ALLLEDGERENTRIES.LIST>
<REMOVEZEROENTRIES>No</REMOVEZEROENTRIES>
<ISDEEMEDPOSITIVE>Yes</ISDEEMEDPOSITIVE>
<LEDGERFROMITEM>No</LEDGERFROMITEM>
<LEDGERNAME>APEX BRASS ALLOY PRIVATE LIMITED</LEDGERNAME>
<AMOUNT>-1534.000</AMOUNT>
<BILLALLOCATIONS.LIST>
<NAME>ALSM003966/21-22</NAME>
<BILLTYPE>New Ref</BILLTYPE>
<AMOUNT>-1534.000</AMOUNT>
</BILLALLOCATIONS.LIST>
</ALLLEDGERENTRIES.LIST>
<ALLLEDGERENTRIES.LIST>
<REMOVEZEROENTRIES>No</REMOVEZEROENTRIES>
<ISDEEMEDPOSITIVE>No</ISDEEMEDPOSITIVE>
<LEDGERFROMITEM>No</LEDGERFROMITEM>
<LEDGERNAME>Misc.Sales</LEDGERNAME>
<AMOUNT>1300.000</AMOUNT>
</ALLLEDGERENTRIES.LIST>
<ALLLEDGERENTRIES.LIST>
<REMOVEZEROENTRIES>No</REMOVEZEROENTRIES>
<ISDEEMEDPOSITIVE>No</ISDEEMEDPOSITIVE>
<LEDGERFROMITEM>No</LEDGERFROMITEM>
<LEDGERNAME>CGST</LEDGERNAME>
<AMOUNT>117.000000000</AMOUNT>
</ALLLEDGERENTRIES.LIST>
<ALLLEDGERENTRIES.LIST>
<REMOVEZEROENTRIES>No</REMOVEZEROENTRIES>
<ISDEEMEDPOSITIVE>No</ISDEEMEDPOSITIVE>
<LEDGERFROMITEM>No</LEDGERFROMITEM>
<LEDGERNAME>SGST</LEDGERNAME>
<AMOUNT>117.000000000</AMOUNT>
</ALLLEDGERENTRIES.LIST>
<ALLLEDGERENTRIES.LIST>
<REMOVEZEROENTRIES>No</REMOVEZEROENTRIES>
<ISDEEMEDPOSITIVE>No</ISDEEMEDPOSITIVE>
<LEDGERFROMITEM>No</LEDGERFROMITEM>
<LEDGERNAME>SHORT AND EXCESS</LEDGERNAME>
<AMOUNT>0.000</AMOUNT>
</ALLLEDGERENTRIES.LIST>
</VOUCHER>
<VOUCHER>
<ISOPTIONAL>No</ISOPTIONAL>
<USEFORGAINLOSS>No</USEFORGAINLOSS>
<USEFORCOMPOUND>No</USEFORCOMPOUND>
<VOUCHERTYPENAME>MISC SALES GST</VOUCHERTYPENAME>
<DATE>20211125</DATE>
<EFFECTIVEDATE>20211125</EFFECTIVEDATE>
<ISCANCELLED>No</ISCANCELLED>
<USETRACKINGNUMBER>No</USETRACKINGNUMBER>
<ISPOSTDATED>No</ISPOSTDATED>
<ISINVOICE>No</ISINVOICE>
<DIFFACTUALQTY>No</DIFFACTUALQTY>
<VOUCHERNUMBER>ALSM003967/21-22</VOUCHERNUMBER>
<PARTYLEDGERNAME>KNOX IMPEX PRIVATE LIMITED</PARTYLEDGERNAME>
<STATENAME>Maharashtra</STATENAME>
<PARTYGSTIN>27AABCK1414C1Z7</PARTYGSTIN>
<NARRATION>Being amount debited towards MISC INVOICE SALES AS described  TGHU1648042 MH46F5035, Invoice No: ALSM003967/21-22</NARRATION>
<ALLLEDGERENTRIES.LIST>
<REMOVEZEROENTRIES>No</REMOVEZEROENTRIES>
<ISDEEMEDPOSITIVE>Yes</ISDEEMEDPOSITIVE>
<LEDGERFROMITEM>No</LEDGERFROMITEM>
<LEDGERNAME>KNOX IMPEX PRIVATE LIMITED</LEDGERNAME>
<AMOUNT>-1534.000</AMOUNT>
<BILLALLOCATIONS.LIST>
<NAME>ALSM003967/21-22</NAME>
<BILLTYPE>New Ref</BILLTYPE>
<AMOUNT>-1534.000</AMOUNT>
</BILLALLOCATIONS.LIST>
</ALLLEDGERENTRIES.LIST>
<ALLLEDGERENTRIES.LIST>
<REMOVEZEROENTRIES>No</REMOVEZEROENTRIES>
<ISDEEMEDPOSITIVE>No</ISDEEMEDPOSITIVE>
<LEDGERFROMITEM>No</LEDGERFROMITEM>
<LEDGERNAME>Misc.Sales</LEDGERNAME>
<AMOUNT>1300.000</AMOUNT>
</ALLLEDGERENTRIES.LIST>
<ALLLEDGERENTRIES.LIST>
<REMOVEZEROENTRIES>No</REMOVEZEROENTRIES>
<ISDEEMEDPOSITIVE>No</ISDEEMEDPOSITIVE>
<LEDGERFROMITEM>No</LEDGERFROMITEM>
<LEDGERNAME>CGST</LEDGERNAME>
<AMOUNT>117.000000000</AMOUNT>
</ALLLEDGERENTRIES.LIST>
<ALLLEDGERENTRIES.LIST>
<REMOVEZEROENTRIES>No</REMOVEZEROENTRIES>
<ISDEEMEDPOSITIVE>No</ISDEEMEDPOSITIVE>
<LEDGERFROMITEM>No</LEDGERFROMITEM>
<LEDGERNAME>SGST</LEDGERNAME>
<AMOUNT>117.000000000</AMOUNT>
</ALLLEDGERENTRIES.LIST>
<ALLLEDGERENTRIES.LIST>
<REMOVEZEROENTRIES>No</REMOVEZEROENTRIES>
<ISDEEMEDPOSITIVE>No</ISDEEMEDPOSITIVE>
<LEDGERFROMITEM>No</LEDGERFROMITEM>
<LEDGERNAME>SHORT AND EXCESS</LEDGERNAME>
<AMOUNT>0.000</AMOUNT>
</ALLLEDGERENTRIES.LIST>
</VOUCHER>
<VOUCHER>
<ISOPTIONAL>No</ISOPTIONAL>
<USEFORGAINLOSS>No</USEFORGAINLOSS>
<USEFORCOMPOUND>No</USEFORCOMPOUND>
<VOUCHERTYPENAME>MISC SALES GST</VOUCHERTYPENAME>
<DATE>20211125</DATE>
<EFFECTIVEDATE>20211125</EFFECTIVEDATE>
<ISCANCELLED>No</ISCANCELLED>
<USETRACKINGNUMBER>No</USETRACKINGNUMBER>
<ISPOSTDATED>No</ISPOSTDATED>
<ISINVOICE>No</ISINVOICE>
<DIFFACTUALQTY>No</DIFFACTUALQTY>
<VOUCHERNUMBER>ALSM003968/21-22</VOUCHERNUMBER>
<PARTYLEDGERNAME>SANDEEP ORGANICS PVT LTD</PARTYLEDGERNAME>
<STATENAME>Maharashtra</STATENAME>
<PARTYGSTIN>27AAICS7052F1Z8</PARTYGSTIN>
<NARRATION>Being amount debited towards MISC INVOICE SALES AS described  CSLU1910501 MH06AC0405, Invoice No: ALSM003968/21-22</NARRATION>
<ALLLEDGERENTRIES.LIST>
<REMOVEZEROENTRIES>No</REMOVEZEROENTRIES>
<ISDEEMEDPOSITIVE>Yes</ISDEEMEDPOSITIVE>
<LEDGERFROMITEM>No</LEDGERFROMITEM>
<LEDGERNAME>SANDEEP ORGANICS PVT LTD</LEDGERNAME>
<AMOUNT>-1534.000</AMOUNT>
<BILLALLOCATIONS.LIST>
<NAME>ALSM003968/21-22</NAME>
<BILLTYPE>New Ref</BILLTYPE>
<AMOUNT>-1534.000</AMOUNT>
</BILLALLOCATIONS.LIST>
</ALLLEDGERENTRIES.LIST>
<ALLLEDGERENTRIES.LIST>
<REMOVEZEROENTRIES>No</REMOVEZEROENTRIES>
<ISDEEMEDPOSITIVE>No</ISDEEMEDPOSITIVE>
<LEDGERFROMITEM>No</LEDGERFROMITEM>
<LEDGERNAME>Misc.Sales</LEDGERNAME>
<AMOUNT>1300.000</AMOUNT>
</ALLLEDGERENTRIES.LIST>
<ALLLEDGERENTRIES.LIST>
<REMOVEZEROENTRIES>No</REMOVEZEROENTRIES>
<ISDEEMEDPOSITIVE>No</ISDEEMEDPOSITIVE>
<LEDGERFROMITEM>No</LEDGERFROMITEM>
<LEDGERNAME>CGST</LEDGERNAME>
<AMOUNT>117.000000000</AMOUNT>
</ALLLEDGERENTRIES.LIST>
<ALLLEDGERENTRIES.LIST>
<REMOVEZEROENTRIES>No</REMOVEZEROENTRIES>
<ISDEEMEDPOSITIVE>No</ISDEEMEDPOSITIVE>
<LEDGERFROMITEM>No</LEDGERFROMITEM>
<LEDGERNAME>SGST</LEDGERNAME>
<AMOUNT>117.000000000</AMOUNT>
</ALLLEDGERENTRIES.LIST>
<ALLLEDGERENTRIES.LIST>
<REMOVEZEROENTRIES>No</REMOVEZEROENTRIES>
<ISDEEMEDPOSITIVE>No</ISDEEMEDPOSITIVE>
<LEDGERFROMITEM>No</LEDGERFROMITEM>
<LEDGERNAME>SHORT AND EXCESS</LEDGERNAME>
<AMOUNT>0.000</AMOUNT>
</ALLLEDGERENTRIES.LIST>
</VOUCHER>
<VOUCHER>
<ISOPTIONAL>No</ISOPTIONAL>
<USEFORGAINLOSS>No</USEFORGAINLOSS>
<USEFORCOMPOUND>No</USEFORCOMPOUND>
<VOUCHERTYPENAME>MISC SALES GST</VOUCHERTYPENAME>
<DATE>20211125</DATE>
<EFFECTIVEDATE>20211125</EFFECTIVEDATE>
<ISCANCELLED>No</ISCANCELLED>
<USETRACKINGNUMBER>No</USETRACKINGNUMBER>
<ISPOSTDATED>No</ISPOSTDATED>
<ISINVOICE>No</ISINVOICE>
<DIFFACTUALQTY>No</DIFFACTUALQTY>
<VOUCHERNUMBER>ALSM003969/21-22</VOUCHERNUMBER>
<PARTYLEDGERNAME>SANDEEP ORGANICS PVT LTD</PARTYLEDGERNAME>
<STATENAME>Maharashtra</STATENAME>
<PARTYGSTIN>27AAICS7052F1Z8</PARTYGSTIN>
<NARRATION>Being amount debited towards MISC INVOICE SALES AS described  TRHU3406292 MH46H2011, Invoice No: ALSM003969/21-22</NARRATION>
<ALLLEDGERENTRIES.LIST>
<REMOVEZEROENTRIES>No</REMOVEZEROENTRIES>
<ISDEEMEDPOSITIVE>Yes</ISDEEMEDPOSITIVE>
<LEDGERFROMITEM>No</LEDGERFROMITEM>
<LEDGERNAME>SANDEEP ORGANICS PVT LTD</LEDGERNAME>
<AMOUNT>-1534.000</AMOUNT>
<BILLALLOCATIONS.LIST>
<NAME>ALSM003969/21-22</NAME>
<BILLTYPE>New Ref</BILLTYPE>
<AMOUNT>-1534.000</AMOUNT>
</BILLALLOCATIONS.LIST>
</ALLLEDGERENTRIES.LIST>
<ALLLEDGERENTRIES.LIST>
<REMOVEZEROENTRIES>No</REMOVEZEROENTRIES>
<ISDEEMEDPOSITIVE>No</ISDEEMEDPOSITIVE>
<LEDGERFROMITEM>No</LEDGERFROMITEM>
<LEDGERNAME>Misc.Sales</LEDGERNAME>
<AMOUNT>1300.000</AMOUNT>
</ALLLEDGERENTRIES.LIST>
<ALLLEDGERENTRIES.LIST>
<REMOVEZEROENTRIES>No</REMOVEZEROENTRIES>
<ISDEEMEDPOSITIVE>No</ISDEEMEDPOSITIVE>
<LEDGERFROMITEM>No</LEDGERFROMITEM>
<LEDGERNAME>CGST</LEDGERNAME>
<AMOUNT>117.000000000</AMOUNT>
</ALLLEDGERENTRIES.LIST>
<ALLLEDGERENTRIES.LIST>
<REMOVEZEROENTRIES>No</REMOVEZEROENTRIES>
<ISDEEMEDPOSITIVE>No</ISDEEMEDPOSITIVE>
<LEDGERFROMITEM>No</LEDGERFROMITEM>
<LEDGERNAME>SGST</LEDGERNAME>
<AMOUNT>117.000000000</AMOUNT>
</ALLLEDGERENTRIES.LIST>
<ALLLEDGERENTRIES.LIST>
<REMOVEZEROENTRIES>No</REMOVEZEROENTRIES>
<ISDEEMEDPOSITIVE>No</ISDEEMEDPOSITIVE>
<LEDGERFROMITEM>No</LEDGERFROMITEM>
<LEDGERNAME>SHORT AND EXCESS</LEDGERNAME>
<AMOUNT>0.000</AMOUNT>
</ALLLEDGERENTRIES.LIST>
</VOUCHER>
<VOUCHER>
<ISOPTIONAL>No</ISOPTIONAL>
<USEFORGAINLOSS>No</USEFORGAINLOSS>
<USEFORCOMPOUND>No</USEFORCOMPOUND>
<VOUCHERTYPENAME>MISC SALES GST</VOUCHERTYPENAME>
<DATE>20211125</DATE>
<EFFECTIVEDATE>20211125</EFFECTIVEDATE>
<ISCANCELLED>No</ISCANCELLED>
<USETRACKINGNUMBER>No</USETRACKINGNUMBER>
<ISPOSTDATED>No</ISPOSTDATED>
<ISINVOICE>No</ISINVOICE>
<DIFFACTUALQTY>No</DIFFACTUALQTY>
<VOUCHERNUMBER>ALSM003970/21-22</VOUCHERNUMBER>
<PARTYLEDGERNAME>KNOX IMPEX PRIVATE LIMITED</PARTYLEDGERNAME>
<STATENAME>Maharashtra</STATENAME>
<PARTYGSTIN>27AABCK1414C1Z7</PARTYGSTIN>
<NARRATION>Being amount debited towards MISC INVOICE SALES AS described  PCIU1988981 MH06AQ9026, Invoice No: ALSM003970/21-22</NARRATION>
<ALLLEDGERENTRIES.LIST>
<REMOVEZEROENTRIES>No</REMOVEZEROENTRIES>
<ISDEEMEDPOSITIVE>Yes</ISDEEMEDPOSITIVE>
<LEDGERFROMITEM>No</LEDGERFROMITEM>
<LEDGERNAME>KNOX IMPEX PRIVATE LIMITED</LEDGERNAME>
<AMOUNT>-1534.000</AMOUNT>
<BILLALLOCATIONS.LIST>
<NAME>ALSM003970/21-22</NAME>
<BILLTYPE>New Ref</BILLTYPE>
<AMOUNT>-1534.000</AMOUNT>
</BILLALLOCATIONS.LIST>
</ALLLEDGERENTRIES.LIST>
<ALLLEDGERENTRIES.LIST>
<REMOVEZEROENTRIES>No</REMOVEZEROENTRIES>
<ISDEEMEDPOSITIVE>No</ISDEEMEDPOSITIVE>
<LEDGERFROMITEM>No</LEDGERFROMITEM>
<LEDGERNAME>Misc.Sales</LEDGERNAME>
<AMOUNT>1300.000</AMOUNT>
</ALLLEDGERENTRIES.LIST>
<ALLLEDGERENTRIES.LIST>
<REMOVEZEROENTRIES>No</REMOVEZEROENTRIES>
<ISDEEMEDPOSITIVE>No</ISDEEMEDPOSITIVE>
<LEDGERFROMITEM>No</LEDGERFROMITEM>
<LEDGERNAME>CGST</LEDGERNAME>
<AMOUNT>117.000000000</AMOUNT>
</ALLLEDGERENTRIES.LIST>
<ALLLEDGERENTRIES.LIST>
<REMOVEZEROENTRIES>No</REMOVEZEROENTRIES>
<ISDEEMEDPOSITIVE>No</ISDEEMEDPOSITIVE>
<LEDGERFROMITEM>No</LEDGERFROMITEM>
<LEDGERNAME>SGST</LEDGERNAME>
<AMOUNT>117.000000000</AMOUNT>
</ALLLEDGERENTRIES.LIST>
<ALLLEDGERENTRIES.LIST>
<REMOVEZEROENTRIES>No</REMOVEZEROENTRIES>
<ISDEEMEDPOSITIVE>No</ISDEEMEDPOSITIVE>
<LEDGERFROMITEM>No</LEDGERFROMITEM>
<LEDGERNAME>SHORT AND EXCESS</LEDGERNAME>
<AMOUNT>0.000</AMOUNT>
</ALLLEDGERENTRIES.LIST>
</VOUCHER>
<VOUCHER>
<ISOPTIONAL>No</ISOPTIONAL>
<USEFORGAINLOSS>No</USEFORGAINLOSS>
<USEFORCOMPOUND>No</USEFORCOMPOUND>
<VOUCHERTYPENAME>MISC SALES GST</VOUCHERTYPENAME>
<DATE>20211125</DATE>
<EFFECTIVEDATE>20211125</EFFECTIVEDATE>
<ISCANCELLED>No</ISCANCELLED>
<USETRACKINGNUMBER>No</USETRACKINGNUMBER>
<ISPOSTDATED>No</ISPOSTDATED>
<ISINVOICE>No</ISINVOICE>
<DIFFACTUALQTY>No</DIFFACTUALQTY>
<VOUCHERNUMBER>ALSM003971/21-22</VOUCHERNUMBER>
<PARTYLEDGERNAME>EKTA CORPORATION OF INDIA</PARTYLEDGERNAME>
<STATENAME>Maharashtra</STATENAME>
<PARTYGSTIN>27BRPPS9646R1Z9</PARTYGSTIN>
<NARRATION>Being amount debited towards MISC INVOICE SALES AS described  27BRBBS9646R1Z9 MH43Y7247, Invoice No: ALSM003971/21-22</NARRATION>
<ALLLEDGERENTRIES.LIST>
<REMOVEZEROENTRIES>No</REMOVEZEROENTRIES>
<ISDEEMEDPOSITIVE>Yes</ISDEEMEDPOSITIVE>
<LEDGERFROMITEM>No</LEDGERFROMITEM>
<LEDGERNAME>EKTA CORPORATION OF INDIA</LEDGERNAME>
<AMOUNT>-1534.000</AMOUNT>
<BILLALLOCATIONS.LIST>
<NAME>ALSM003971/21-22</NAME>
<BILLTYPE>New Ref</BILLTYPE>
<AMOUNT>-1534.000</AMOUNT>
</BILLALLOCATIONS.LIST>
</ALLLEDGERENTRIES.LIST>
<ALLLEDGERENTRIES.LIST>
<REMOVEZEROENTRIES>No</REMOVEZEROENTRIES>
<ISDEEMEDPOSITIVE>No</ISDEEMEDPOSITIVE>
<LEDGERFROMITEM>No</LEDGERFROMITEM>
<LEDGERNAME>Misc.Sales</LEDGERNAME>
<AMOUNT>1300.000</AMOUNT>
</ALLLEDGERENTRIES.LIST>
<ALLLEDGERENTRIES.LIST>
<REMOVEZEROENTRIES>No</REMOVEZEROENTRIES>
<ISDEEMEDPOSITIVE>No</ISDEEMEDPOSITIVE>
<LEDGERFROMITEM>No</LEDGERFROMITEM>
<LEDGERNAME>CGST</LEDGERNAME>
<AMOUNT>117.000000000</AMOUNT>
</ALLLEDGERENTRIES.LIST>
<ALLLEDGERENTRIES.LIST>
<REMOVEZEROENTRIES>No</REMOVEZEROENTRIES>
<ISDEEMEDPOSITIVE>No</ISDEEMEDPOSITIVE>
<LEDGERFROMITEM>No</LEDGERFROMITEM>
<LEDGERNAME>SGST</LEDGERNAME>
<AMOUNT>117.000000000</AMOUNT>
</ALLLEDGERENTRIES.LIST>
<ALLLEDGERENTRIES.LIST>
<REMOVEZEROENTRIES>No</REMOVEZEROENTRIES>
<ISDEEMEDPOSITIVE>No</ISDEEMEDPOSITIVE>
<LEDGERFROMITEM>No</LEDGERFROMITEM>
<LEDGERNAME>SHORT AND EXCESS</LEDGERNAME>
<AMOUNT>0.000</AMOUNT>
</ALLLEDGERENTRIES.LIST>
</VOUCHER>
<VOUCHER>
<ISOPTIONAL>No</ISOPTIONAL>
<USEFORGAINLOSS>No</USEFORGAINLOSS>
<USEFORCOMPOUND>No</USEFORCOMPOUND>
<VOUCHERTYPENAME>MISC SALES GST</VOUCHERTYPENAME>
<DATE>20211125</DATE>
<EFFECTIVEDATE>20211125</EFFECTIVEDATE>
<ISCANCELLED>No</ISCANCELLED>
<USETRACKINGNUMBER>No</USETRACKINGNUMBER>
<ISPOSTDATED>No</ISPOSTDATED>
<ISINVOICE>No</ISINVOICE>
<DIFFACTUALQTY>No</DIFFACTUALQTY>
<VOUCHERNUMBER>ALSM003972/21-22</VOUCHERNUMBER>
<PARTYLEDGERNAME>SCOPE INGREDIENTS PRIVATE LIMITED</PARTYLEDGERNAME>
<STATENAME>Maharashtra</STATENAME>
<PARTYGSTIN>27AADCK0528K1ZJ</PARTYGSTIN>
<NARRATION>Being amount debited towards MISC INVOICE SALES AS described  REGU3227070 MH46BF5226, Invoice No: ALSM003972/21-22</NARRATION>
<ALLLEDGERENTRIES.LIST>
<REMOVEZEROENTRIES>No</REMOVEZEROENTRIES>
<ISDEEMEDPOSITIVE>Yes</ISDEEMEDPOSITIVE>
<LEDGERFROMITEM>No</LEDGERFROMITEM>
<LEDGERNAME>SCOPE INGREDIENTS PRIVATE LIMITED</LEDGERNAME>
<AMOUNT>-1534.000</AMOUNT>
<BILLALLOCATIONS.LIST>
<NAME>ALSM003972/21-22</NAME>
<BILLTYPE>New Ref</BILLTYPE>
<AMOUNT>-1534.000</AMOUNT>
</BILLALLOCATIONS.LIST>
</ALLLEDGERENTRIES.LIST>
<ALLLEDGERENTRIES.LIST>
<REMOVEZEROENTRIES>No</REMOVEZEROENTRIES>
<ISDEEMEDPOSITIVE>No</ISDEEMEDPOSITIVE>
<LEDGERFROMITEM>No</LEDGERFROMITEM>
<LEDGERNAME>Misc.Sales</LEDGERNAME>
<AMOUNT>1300.000</AMOUNT>
</ALLLEDGERENTRIES.LIST>
<ALLLEDGERENTRIES.LIST>
<REMOVEZEROENTRIES>No</REMOVEZEROENTRIES>
<ISDEEMEDPOSITIVE>No</ISDEEMEDPOSITIVE>
<LEDGERFROMITEM>No</LEDGERFROMITEM>
<LEDGERNAME>CGST</LEDGERNAME>
<AMOUNT>117.000000000</AMOUNT>
</ALLLEDGERENTRIES.LIST>
<ALLLEDGERENTRIES.LIST>
<REMOVEZEROENTRIES>No</REMOVEZEROENTRIES>
<ISDEEMEDPOSITIVE>No</ISDEEMEDPOSITIVE>
<LEDGERFROMITEM>No</LEDGERFROMITEM>
<LEDGERNAME>SGST</LEDGERNAME>
<AMOUNT>117.000000000</AMOUNT>
</ALLLEDGERENTRIES.LIST>
<ALLLEDGERENTRIES.LIST>
<REMOVEZEROENTRIES>No</REMOVEZEROENTRIES>
<ISDEEMEDPOSITIVE>No</ISDEEMEDPOSITIVE>
<LEDGERFROMITEM>No</LEDGERFROMITEM>
<LEDGERNAME>SHORT AND EXCESS</LEDGERNAME>
<AMOUNT>0.000</AMOUNT>
</ALLLEDGERENTRIES.LIST>
</VOUCHER>
<VOUCHER>
<ISOPTIONAL>No</ISOPTIONAL>
<USEFORGAINLOSS>No</USEFORGAINLOSS>
<USEFORCOMPOUND>No</USEFORCOMPOUND>
<VOUCHERTYPENAME>MISC SALES GST</VOUCHERTYPENAME>
<DATE>20211125</DATE>
<EFFECTIVEDATE>20211125</EFFECTIVEDATE>
<ISCANCELLED>No</ISCANCELLED>
<USETRACKINGNUMBER>No</USETRACKINGNUMBER>
<ISPOSTDATED>No</ISPOSTDATED>
<ISINVOICE>No</ISINVOICE>
<DIFFACTUALQTY>No</DIFFACTUALQTY>
<VOUCHERNUMBER>ALSM003973/21-22</VOUCHERNUMBER>
<PARTYLEDGERNAME>ARUN YASHWANT JAGE</PARTYLEDGERNAME>
<STATENAME>Maharashtra</STATENAME>
<PARTYGSTIN>27AGJPJ8225H1Z8</PARTYGSTIN>
<NARRATION>Being amount debited towards MISC INVOICE SALES AS described  Sale of Used Tyre and Tubes, Invoice No: ALSM003973/21-22</NARRATION>
<ALLLEDGERENTRIES.LIST>
<REMOVEZEROENTRIES>No</REMOVEZEROENTRIES>
<ISDEEMEDPOSITIVE>Yes</ISDEEMEDPOSITIVE>
<LEDGERFROMITEM>No</LEDGERFROMITEM>
<LEDGERNAME>ARUN YASHWANT JAGE</LEDGERNAME>
<AMOUNT>-54390.000</AMOUNT>
<BILLALLOCATIONS.LIST>
<NAME>ALSM003973/21-22</NAME>
<BILLTYPE>New Ref</BILLTYPE>
<AMOUNT>-54390.000</AMOUNT>
</BILLALLOCATIONS.LIST>
</ALLLEDGERENTRIES.LIST>
<ALLLEDGERENTRIES.LIST>
<REMOVEZEROENTRIES>No</REMOVEZEROENTRIES>
<ISDEEMEDPOSITIVE>No</ISDEEMEDPOSITIVE>
<LEDGERFROMITEM>No</LEDGERFROMITEM>
<LEDGERNAME>Retreaded or used tyres and flaps</LEDGERNAME>
<AMOUNT>46800.000</AMOUNT>
</ALLLEDGERENTRIES.LIST>
<ALLLEDGERENTRIES.LIST>
<REMOVEZEROENTRIES>No</REMOVEZEROENTRIES>
<ISDEEMEDPOSITIVE>No</ISDEEMEDPOSITIVE>
<LEDGERFROMITEM>No</LEDGERFROMITEM>
<LEDGERNAME>CGST</LEDGERNAME>
<AMOUNT>1170.000000000</AMOUNT>
</ALLLEDGERENTRIES.LIST>
<ALLLEDGERENTRIES.LIST>
<REMOVEZEROENTRIES>No</REMOVEZEROENTRIES>
<ISDEEMEDPOSITIVE>No</ISDEEMEDPOSITIVE>
<LEDGERFROMITEM>No</LEDGERFROMITEM>
<LEDGERNAME>SGST</LEDGERNAME>
<AMOUNT>1170.000000000</AMOUNT>
</ALLLEDGERENTRIES.LIST>
<ALLLEDGERENTRIES.LIST>
<REMOVEZEROENTRIES>No</REMOVEZEROENTRIES>
<ISDEEMEDPOSITIVE>No</ISDEEMEDPOSITIVE>
<LEDGERFROMITEM>No</LEDGERFROMITEM>
<LEDGERNAME>Inner tubes of rubber</LEDGERNAME>
<AMOUNT>5000.000</AMOUNT>
</ALLLEDGERENTRIES.LIST>
<ALLLEDGERENTRIES.LIST>
<REMOVEZEROENTRIES>No</REMOVEZEROENTRIES>
<ISDEEMEDPOSITIVE>No</ISDEEMEDPOSITIVE>
<LEDGERFROMITEM>No</LEDGERFROMITEM>
<LEDGERNAME>CGST</LEDGERNAME>
<AMOUNT>125.000000000</AMOUNT>
</ALLLEDGERENTRIES.LIST>
<ALLLEDGERENTRIES.LIST>
<REMOVEZEROENTRIES>No</REMOVEZEROENTRIES>
<ISDEEMEDPOSITIVE>No</ISDEEMEDPOSITIVE>
<LEDGERFROMITEM>No</LEDGERFROMITEM>
<LEDGERNAME>SGST</LEDGERNAME>
<AMOUNT>125.000000000</AMOUNT>
</ALLLEDGERENTRIES.LIST>
<ALLLEDGERENTRIES.LIST>
<REMOVEZEROENTRIES>No</REMOVEZEROENTRIES>
<ISDEEMEDPOSITIVE>No</ISDEEMEDPOSITIVE>
<LEDGERFROMITEM>No</LEDGERFROMITEM>
<LEDGERNAME>SHORT AND EXCESS</LEDGERNAME>
<AMOUNT>0.000</AMOUNT>
</ALLLEDGERENTRIES.LIST>
</VOUCHER>
<VOUCHER>
<ISOPTIONAL>No</ISOPTIONAL>
<USEFORGAINLOSS>No</USEFORGAINLOSS>
<USEFORCOMPOUND>No</USEFORCOMPOUND>
<VOUCHERTYPENAME>MISC SALES GST</VOUCHERTYPENAME>
<DATE>20211125</DATE>
<EFFECTIVEDATE>20211125</EFFECTIVEDATE>
<ISCANCELLED>No</ISCANCELLED>
<USETRACKINGNUMBER>No</USETRACKINGNUMBER>
<ISPOSTDATED>No</ISPOSTDATED>
<ISINVOICE>No</ISINVOICE>
<DIFFACTUALQTY>No</DIFFACTUALQTY>
<VOUCHERNUMBER>ALSM003974/21-22</VOUCHERNUMBER>
<PARTYLEDGERNAME>SHAH C J WORLD LLP</PARTYLEDGERNAME>
<STATENAME>Maharashtra</STATENAME>
<PARTYGSTIN>27ADVFS5201P1ZB</PARTYGSTIN>
<NARRATION>Being amount debited towards MISC INVOICE SALES AS described  PCIU1232000 MH43Y8554, Invoice No: ALSM003974/21-22</NARRATION>
<ALLLEDGERENTRIES.LIST>
<REMOVEZEROENTRIES>No</REMOVEZEROENTRIES>
<ISDEEMEDPOSITIVE>Yes</ISDEEMEDPOSITIVE>
<LEDGERFROMITEM>No</LEDGERFROMITEM>
<LEDGERNAME>SHAH C J WORLD LLP</LEDGERNAME>
<AMOUNT>-1534.000</AMOUNT>
<BILLALLOCATIONS.LIST>
<NAME>ALSM003974/21-22</NAME>
<BILLTYPE>New Ref</BILLTYPE>
<AMOUNT>-1534.000</AMOUNT>
</BILLALLOCATIONS.LIST>
</ALLLEDGERENTRIES.LIST>
<ALLLEDGERENTRIES.LIST>
<REMOVEZEROENTRIES>No</REMOVEZEROENTRIES>
<ISDEEMEDPOSITIVE>No</ISDEEMEDPOSITIVE>
<LEDGERFROMITEM>No</LEDGERFROMITEM>
<LEDGERNAME>Misc.Sales</LEDGERNAME>
<AMOUNT>1300.000</AMOUNT>
</ALLLEDGERENTRIES.LIST>
<ALLLEDGERENTRIES.LIST>
<REMOVEZEROENTRIES>No</REMOVEZEROENTRIES>
<ISDEEMEDPOSITIVE>No</ISDEEMEDPOSITIVE>
<LEDGERFROMITEM>No</LEDGERFROMITEM>
<LEDGERNAME>CGST</LEDGERNAME>
<AMOUNT>117.000000000</AMOUNT>
</ALLLEDGERENTRIES.LIST>
<ALLLEDGERENTRIES.LIST>
<REMOVEZEROENTRIES>No</REMOVEZEROENTRIES>
<ISDEEMEDPOSITIVE>No</ISDEEMEDPOSITIVE>
<LEDGERFROMITEM>No</LEDGERFROMITEM>
<LEDGERNAME>SGST</LEDGERNAME>
<AMOUNT>117.000000000</AMOUNT>
</ALLLEDGERENTRIES.LIST>
<ALLLEDGERENTRIES.LIST>
<REMOVEZEROENTRIES>No</REMOVEZEROENTRIES>
<ISDEEMEDPOSITIVE>No</ISDEEMEDPOSITIVE>
<LEDGERFROMITEM>No</LEDGERFROMITEM>
<LEDGERNAME>SHORT AND EXCESS</LEDGERNAME>
<AMOUNT>0.000</AMOUNT>
</ALLLEDGERENTRIES.LIST>
</VOUCHER>
<VOUCHER>
<ISOPTIONAL>No</ISOPTIONAL>
<USEFORGAINLOSS>No</USEFORGAINLOSS>
<USEFORCOMPOUND>No</USEFORCOMPOUND>
<VOUCHERTYPENAME>MISC SALES GST</VOUCHERTYPENAME>
<DATE>20211125</DATE>
<EFFECTIVEDATE>20211125</EFFECTIVEDATE>
<ISCANCELLED>No</ISCANCELLED>
<USETRACKINGNUMBER>No</USETRACKINGNUMBER>
<ISPOSTDATED>No</ISPOSTDATED>
<ISINVOICE>No</ISINVOICE>
<DIFFACTUALQTY>No</DIFFACTUALQTY>
<VOUCHERNUMBER>ALSM003975/21-22</VOUCHERNUMBER>
<PARTYLEDGERNAME>SHAH C J WORLD LLP</PARTYLEDGERNAME>
<STATENAME>Maharashtra</STATENAME>
<PARTYGSTIN>27ADVFS5201P1ZB</PARTYGSTIN>
<NARRATION>Being amount debited towards MISC INVOICE SALES AS described  PCIU1317480 MH47Y3564, Invoice No: ALSM003975/21-22</NARRATION>
<ALLLEDGERENTRIES.LIST>
<REMOVEZEROENTRIES>No</REMOVEZEROENTRIES>
<ISDEEMEDPOSITIVE>Yes</ISDEEMEDPOSITIVE>
<LEDGERFROMITEM>No</LEDGERFROMITEM>
<LEDGERNAME>SHAH C J WORLD LLP</LEDGERNAME>
<AMOUNT>-1534.000</AMOUNT>
<BILLALLOCATIONS.LIST>
<NAME>ALSM003975/21-22</NAME>
<BILLTYPE>New Ref</BILLTYPE>
<AMOUNT>-1534.000</AMOUNT>
</BILLALLOCATIONS.LIST>
</ALLLEDGERENTRIES.LIST>
<ALLLEDGERENTRIES.LIST>
<REMOVEZEROENTRIES>No</REMOVEZEROENTRIES>
<ISDEEMEDPOSITIVE>No</ISDEEMEDPOSITIVE>
<LEDGERFROMITEM>No</LEDGERFROMITEM>
<LEDGERNAME>Misc.Sales</LEDGERNAME>
<AMOUNT>1300.000</AMOUNT>
</ALLLEDGERENTRIES.LIST>
<ALLLEDGERENTRIES.LIST>
<REMOVEZEROENTRIES>No</REMOVEZEROENTRIES>
<ISDEEMEDPOSITIVE>No</ISDEEMEDPOSITIVE>
<LEDGERFROMITEM>No</LEDGERFROMITEM>
<LEDGERNAME>CGST</LEDGERNAME>
<AMOUNT>117.000000000</AMOUNT>
</ALLLEDGERENTRIES.LIST>
<ALLLEDGERENTRIES.LIST>
<REMOVEZEROENTRIES>No</REMOVEZEROENTRIES>
<ISDEEMEDPOSITIVE>No</ISDEEMEDPOSITIVE>
<LEDGERFROMITEM>No</LEDGERFROMITEM>
<LEDGERNAME>SGST</LEDGERNAME>
<AMOUNT>117.000000000</AMOUNT>
</ALLLEDGERENTRIES.LIST>
<ALLLEDGERENTRIES.LIST>
<REMOVEZEROENTRIES>No</REMOVEZEROENTRIES>
<ISDEEMEDPOSITIVE>No</ISDEEMEDPOSITIVE>
<LEDGERFROMITEM>No</LEDGERFROMITEM>
<LEDGERNAME>SHORT AND EXCESS</LEDGERNAME>
<AMOUNT>0.000</AMOUNT>
</ALLLEDGERENTRIES.LIST>
</VOUCHER>
<VOUCHER>
<ISOPTIONAL>No</ISOPTIONAL>
<USEFORGAINLOSS>No</USEFORGAINLOSS>
<USEFORCOMPOUND>No</USEFORCOMPOUND>
<VOUCHERTYPENAME>MISC SALES GST</VOUCHERTYPENAME>
<DATE>20211125</DATE>
<EFFECTIVEDATE>20211125</EFFECTIVEDATE>
<ISCANCELLED>No</ISCANCELLED>
<USETRACKINGNUMBER>No</USETRACKINGNUMBER>
<ISPOSTDATED>No</ISPOSTDATED>
<ISINVOICE>No</ISINVOICE>
<DIFFACTUALQTY>No</DIFFACTUALQTY>
<VOUCHERNUMBER>ALSM003976/21-22</VOUCHERNUMBER>
<PARTYLEDGERNAME>HAMILTON HOUSEWARES PVT LTD</PARTYLEDGERNAME>
<STATENAME>Dadra and Nagar Haveli</STATENAME>
<PARTYGSTIN>26AABCD1683Q1Z8</PARTYGSTIN>
<NARRATION>Being amount debited towards MISC INVOICE SALES AS described  PCIU8754970 MH04JU5362, Invoice No: ALSM003976/21-22</NARRATION>
<ALLLEDGERENTRIES.LIST>
<REMOVEZEROENTRIES>No</REMOVEZEROENTRIES>
<ISDEEMEDPOSITIVE>Yes</ISDEEMEDPOSITIVE>
<LEDGERFROMITEM>No</LEDGERFROMITEM>
<LEDGERNAME>HAMILTON HOUSEWARES PVT LTD</LEDGERNAME>
<AMOUNT>-3068.000</AMOUNT>
<BILLALLOCATIONS.LIST>
<NAME>ALSM003976/21-22</NAME>
<BILLTYPE>New Ref</BILLTYPE>
<AMOUNT>-3068.000</AMOUNT>
</BILLALLOCATIONS.LIST>
</ALLLEDGERENTRIES.LIST>
<ALLLEDGERENTRIES.LIST>
<REMOVEZEROENTRIES>No</REMOVEZEROENTRIES>
<ISDEEMEDPOSITIVE>No</ISDEEMEDPOSITIVE>
<LEDGERFROMITEM>No</LEDGERFROMITEM>
<LEDGERNAME>Misc.Sales</LEDGERNAME>
<AMOUNT>2600.000</AMOUNT>
</ALLLEDGERENTRIES.LIST>
<ALLLEDGERENTRIES.LIST>
<REMOVEZEROENTRIES>No</REMOVEZEROENTRIES>
<ISDEEMEDPOSITIVE>No</ISDEEMEDPOSITIVE>
<LEDGERFROMITEM>No</LEDGERFROMITEM>
<LEDGERNAME>IGST</LEDGERNAME>
<AMOUNT>468.000000000</AMOUNT>
</ALLLEDGERENTRIES.LIST>
<ALLLEDGERENTRIES.LIST>
<REMOVEZEROENTRIES>No</REMOVEZEROENTRIES>
<ISDEEMEDPOSITIVE>No</ISDEEMEDPOSITIVE>
<LEDGERFROMITEM>No</LEDGERFROMITEM>
<LEDGERNAME>SHORT AND EXCESS</LEDGERNAME>
<AMOUNT>0.000</AMOUNT>
</ALLLEDGERENTRIES.LIST>
</VOUCHER>
<VOUCHER>
<ISOPTIONAL>No</ISOPTIONAL>
<USEFORGAINLOSS>No</USEFORGAINLOSS>
<USEFORCOMPOUND>No</USEFORCOMPOUND>
<VOUCHERTYPENAME>MISC SALES GST</VOUCHERTYPENAME>
<DATE>20211125</DATE>
<EFFECTIVEDATE>20211125</EFFECTIVEDATE>
<ISCANCELLED>No</ISCANCELLED>
<USETRACKINGNUMBER>No</USETRACKINGNUMBER>
<ISPOSTDATED>No</ISPOSTDATED>
<ISINVOICE>No</ISINVOICE>
<DIFFACTUALQTY>No</DIFFACTUALQTY>
<VOUCHERNUMBER>ALSM003977/21-22</VOUCHERNUMBER>
<PARTYLEDGERNAME>SHANTILAL C MEHTA</PARTYLEDGERNAME>
<STATENAME>Maharashtra</STATENAME>
<PARTYGSTIN>27AAKFS9222J1ZR</PARTYGSTIN>
<NARRATION>Being amount debited towards MISC INVOICE SALES AS described  PCIU9257690 MH46BF2448, Invoice No: ALSM003977/21-22</NARRATION>
<ALLLEDGERENTRIES.LIST>
<REMOVEZEROENTRIES>No</REMOVEZEROENTRIES>
<ISDEEMEDPOSITIVE>Yes</ISDEEMEDPOSITIVE>
<LEDGERFROMITEM>No</LEDGERFROMITEM>
<LEDGERNAME>SHANTILAL C MEHTA</LEDGERNAME>
<AMOUNT>-3068.000</AMOUNT>
<BILLALLOCATIONS.LIST>
<NAME>ALSM003977/21-22</NAME>
<BILLTYPE>New Ref</BILLTYPE>
<AMOUNT>-3068.000</AMOUNT>
</BILLALLOCATIONS.LIST>
</ALLLEDGERENTRIES.LIST>
<ALLLEDGERENTRIES.LIST>
<REMOVEZEROENTRIES>No</REMOVEZEROENTRIES>
<ISDEEMEDPOSITIVE>No</ISDEEMEDPOSITIVE>
<LEDGERFROMITEM>No</LEDGERFROMITEM>
<LEDGERNAME>Misc.Sales</LEDGERNAME>
<AMOUNT>2600.000</AMOUNT>
</ALLLEDGERENTRIES.LIST>
<ALLLEDGERENTRIES.LIST>
<REMOVEZEROENTRIES>No</REMOVEZEROENTRIES>
<ISDEEMEDPOSITIVE>No</ISDEEMEDPOSITIVE>
<LEDGERFROMITEM>No</LEDGERFROMITEM>
<LEDGERNAME>CGST</LEDGERNAME>
<AMOUNT>234.000000000</AMOUNT>
</ALLLEDGERENTRIES.LIST>
<ALLLEDGERENTRIES.LIST>
<REMOVEZEROENTRIES>No</REMOVEZEROENTRIES>
<ISDEEMEDPOSITIVE>No</ISDEEMEDPOSITIVE>
<LEDGERFROMITEM>No</LEDGERFROMITEM>
<LEDGERNAME>SGST</LEDGERNAME>
<AMOUNT>234.000000000</AMOUNT>
</ALLLEDGERENTRIES.LIST>
<ALLLEDGERENTRIES.LIST>
<REMOVEZEROENTRIES>No</REMOVEZEROENTRIES>
<ISDEEMEDPOSITIVE>No</ISDEEMEDPOSITIVE>
<LEDGERFROMITEM>No</LEDGERFROMITEM>
<LEDGERNAME>SHORT AND EXCESS</LEDGERNAME>
<AMOUNT>0.000</AMOUNT>
</ALLLEDGERENTRIES.LIST>
</VOUCHER>
<VOUCHER>
<ISOPTIONAL>No</ISOPTIONAL>
<USEFORGAINLOSS>No</USEFORGAINLOSS>
<USEFORCOMPOUND>No</USEFORCOMPOUND>
<VOUCHERTYPENAME>MISC SALES GST</VOUCHERTYPENAME>
<DATE>20211125</DATE>
<EFFECTIVEDATE>20211125</EFFECTIVEDATE>
<ISCANCELLED>No</ISCANCELLED>
<USETRACKINGNUMBER>No</USETRACKINGNUMBER>
<ISPOSTDATED>No</ISPOSTDATED>
<ISINVOICE>No</ISINVOICE>
<DIFFACTUALQTY>No</DIFFACTUALQTY>
<VOUCHERNUMBER>ALSM003978/21-22</VOUCHERNUMBER>
<PARTYLEDGERNAME>MATRIX IMPEX</PARTYLEDGERNAME>
<STATENAME>Gujarat</STATENAME>
<PARTYGSTIN>24AGRPP8013F1ZA</PARTYGSTIN>
<NARRATION>Being amount debited towards MISC INVOICE SALES AS described  cheque bounce, Invoice No: ALSM003978/21-22</NARRATION>
<ALLLEDGERENTRIES.LIST>
<REMOVEZEROENTRIES>No</REMOVEZEROENTRIES>
<ISDEEMEDPOSITIVE>Yes</ISDEEMEDPOSITIVE>
<LEDGERFROMITEM>No</LEDGERFROMITEM>
<LEDGERNAME>MATRIX IMPEX</LEDGERNAME>
<AMOUNT>-590.000</AMOUNT>
<BILLALLOCATIONS.LIST>
<NAME>ALSM003978/21-22</NAME>
<BILLTYPE>New Ref</BILLTYPE>
<AMOUNT>-590.000</AMOUNT>
</BILLALLOCATIONS.LIST>
</ALLLEDGERENTRIES.LIST>
<ALLLEDGERENTRIES.LIST>
<REMOVEZEROENTRIES>No</REMOVEZEROENTRIES>
<ISDEEMEDPOSITIVE>No</ISDEEMEDPOSITIVE>
<LEDGERFROMITEM>No</LEDGERFROMITEM>
<LEDGERNAME>Other Charges</LEDGERNAME>
<AMOUNT>500.000</AMOUNT>
</ALLLEDGERENTRIES.LIST>
<ALLLEDGERENTRIES.LIST>
<REMOVEZEROENTRIES>No</REMOVEZEROENTRIES>
<ISDEEMEDPOSITIVE>No</ISDEEMEDPOSITIVE>
<LEDGERFROMITEM>No</LEDGERFROMITEM>
<LEDGERNAME>IGST</LEDGERNAME>
<AMOUNT>90.000000000</AMOUNT>
</ALLLEDGERENTRIES.LIST>
<ALLLEDGERENTRIES.LIST>
<REMOVEZEROENTRIES>No</REMOVEZEROENTRIES>
<ISDEEMEDPOSITIVE>No</ISDEEMEDPOSITIVE>
<LEDGERFROMITEM>No</LEDGERFROMITEM>
<LEDGERNAME>SHORT AND EXCESS</LEDGERNAME>
<AMOUNT>0.000</AMOUNT>
</ALLLEDGERENTRIES.LIST>
</VOUCHER>
<VOUCHER>
<ISOPTIONAL>No</ISOPTIONAL>
<USEFORGAINLOSS>No</USEFORGAINLOSS>
<USEFORCOMPOUND>No</USEFORCOMPOUND>
<VOUCHERTYPENAME>MISC SALES GST</VOUCHERTYPENAME>
<DATE>20211125</DATE>
<EFFECTIVEDATE>20211125</EFFECTIVEDATE>
<ISCANCELLED>No</ISCANCELLED>
<USETRACKINGNUMBER>No</USETRACKINGNUMBER>
<ISPOSTDATED>No</ISPOSTDATED>
<ISINVOICE>No</ISINVOICE>
<DIFFACTUALQTY>No</DIFFACTUALQTY>
<VOUCHERNUMBER>ALSM003979/21-22</VOUCHERNUMBER>
<PARTYLEDGERNAME>SANKET LOGISTICS</PARTYLEDGERNAME>
<STATENAME>Maharashtra</STATENAME>
<PARTYGSTIN>27AAIPB2511K1Z1</PARTYGSTIN>
<NARRATION>Being amount debited towards MISC INVOICE SALES AS described  HMMU2099150   MH43BP9005, Invoice No: ALSM003979/21-22</NARRATION>
<ALLLEDGERENTRIES.LIST>
<REMOVEZEROENTRIES>No</REMOVEZEROENTRIES>
<ISDEEMEDPOSITIVE>Yes</ISDEEMEDPOSITIVE>
<LEDGERFROMITEM>No</LEDGERFROMITEM>
<LEDGERNAME>SANKET LOGISTICS</LEDGERNAME>
<AMOUNT>-1534.000</AMOUNT>
<BILLALLOCATIONS.LIST>
<NAME>ALSM003979/21-22</NAME>
<BILLTYPE>New Ref</BILLTYPE>
<AMOUNT>-1534.000</AMOUNT>
</BILLALLOCATIONS.LIST>
</ALLLEDGERENTRIES.LIST>
<ALLLEDGERENTRIES.LIST>
<REMOVEZEROENTRIES>No</REMOVEZEROENTRIES>
<ISDEEMEDPOSITIVE>No</ISDEEMEDPOSITIVE>
<LEDGERFROMITEM>No</LEDGERFROMITEM>
<LEDGERNAME>Misc.Sales</LEDGERNAME>
<AMOUNT>1300.000</AMOUNT>
</ALLLEDGERENTRIES.LIST>
<ALLLEDGERENTRIES.LIST>
<REMOVEZEROENTRIES>No</REMOVEZEROENTRIES>
<ISDEEMEDPOSITIVE>No</ISDEEMEDPOSITIVE>
<LEDGERFROMITEM>No</LEDGERFROMITEM>
<LEDGERNAME>CGST</LEDGERNAME>
<AMOUNT>117.000000000</AMOUNT>
</ALLLEDGERENTRIES.LIST>
<ALLLEDGERENTRIES.LIST>
<REMOVEZEROENTRIES>No</REMOVEZEROENTRIES>
<ISDEEMEDPOSITIVE>No</ISDEEMEDPOSITIVE>
<LEDGERFROMITEM>No</LEDGERFROMITEM>
<LEDGERNAME>SGST</LEDGERNAME>
<AMOUNT>117.000000000</AMOUNT>
</ALLLEDGERENTRIES.LIST>
<ALLLEDGERENTRIES.LIST>
<REMOVEZEROENTRIES>No</REMOVEZEROENTRIES>
<ISDEEMEDPOSITIVE>No</ISDEEMEDPOSITIVE>
<LEDGERFROMITEM>No</LEDGERFROMITEM>
<LEDGERNAME>SHORT AND EXCESS</LEDGERNAME>
<AMOUNT>0.000</AMOUNT>
</ALLLEDGERENTRIES.LIST>
</VOUCHER>
<VOUCHER>
<ISOPTIONAL>No</ISOPTIONAL>
<USEFORGAINLOSS>No</USEFORGAINLOSS>
<USEFORCOMPOUND>No</USEFORCOMPOUND>
<VOUCHERTYPENAME>MISC SALES GST</VOUCHERTYPENAME>
<DATE>20211125</DATE>
<EFFECTIVEDATE>20211125</EFFECTIVEDATE>
<ISCANCELLED>No</ISCANCELLED>
<USETRACKINGNUMBER>No</USETRACKINGNUMBER>
<ISPOSTDATED>No</ISPOSTDATED>
<ISINVOICE>No</ISINVOICE>
<DIFFACTUALQTY>No</DIFFACTUALQTY>
<VOUCHERNUMBER>ALSM003980/21-22</VOUCHERNUMBER>
<PARTYLEDGERNAME>KNOX IMPEX PRIVATE LIMITED</PARTYLEDGERNAME>
<STATENAME>Maharashtra</STATENAME>
<PARTYGSTIN>27AABCK1414C1Z7</PARTYGSTIN>
<NARRATION>Being amount debited towards MISC INVOICE SALES AS described  PCIU1395625  MH46H1015, Invoice No: ALSM003980/21-22</NARRATION>
<ALLLEDGERENTRIES.LIST>
<REMOVEZEROENTRIES>No</REMOVEZEROENTRIES>
<ISDEEMEDPOSITIVE>Yes</ISDEEMEDPOSITIVE>
<LEDGERFROMITEM>No</LEDGERFROMITEM>
<LEDGERNAME>KNOX IMPEX PRIVATE LIMITED</LEDGERNAME>
<AMOUNT>-1534.000</AMOUNT>
<BILLALLOCATIONS.LIST>
<NAME>ALSM003980/21-22</NAME>
<BILLTYPE>New Ref</BILLTYPE>
<AMOUNT>-1534.000</AMOUNT>
</BILLALLOCATIONS.LIST>
</ALLLEDGERENTRIES.LIST>
<ALLLEDGERENTRIES.LIST>
<REMOVEZEROENTRIES>No</REMOVEZEROENTRIES>
<ISDEEMEDPOSITIVE>No</ISDEEMEDPOSITIVE>
<LEDGERFROMITEM>No</LEDGERFROMITEM>
<LEDGERNAME>Misc.Sales</LEDGERNAME>
<AMOUNT>1300.000</AMOUNT>
</ALLLEDGERENTRIES.LIST>
<ALLLEDGERENTRIES.LIST>
<REMOVEZEROENTRIES>No</REMOVEZEROENTRIES>
<ISDEEMEDPOSITIVE>No</ISDEEMEDPOSITIVE>
<LEDGERFROMITEM>No</LEDGERFROMITEM>
<LEDGERNAME>CGST</LEDGERNAME>
<AMOUNT>117.000000000</AMOUNT>
</ALLLEDGERENTRIES.LIST>
<ALLLEDGERENTRIES.LIST>
<REMOVEZEROENTRIES>No</REMOVEZEROENTRIES>
<ISDEEMEDPOSITIVE>No</ISDEEMEDPOSITIVE>
<LEDGERFROMITEM>No</LEDGERFROMITEM>
<LEDGERNAME>SGST</LEDGERNAME>
<AMOUNT>117.000000000</AMOUNT>
</ALLLEDGERENTRIES.LIST>
<ALLLEDGERENTRIES.LIST>
<REMOVEZEROENTRIES>No</REMOVEZEROENTRIES>
<ISDEEMEDPOSITIVE>No</ISDEEMEDPOSITIVE>
<LEDGERFROMITEM>No</LEDGERFROMITEM>
<LEDGERNAME>SHORT AND EXCESS</LEDGERNAME>
<AMOUNT>0.000</AMOUNT>
</ALLLEDGERENTRIES.LIST>
</VOUCHER>
<VOUCHER>
<ISOPTIONAL>No</ISOPTIONAL>
<USEFORGAINLOSS>No</USEFORGAINLOSS>
<USEFORCOMPOUND>No</USEFORCOMPOUND>
<VOUCHERTYPENAME>MISC SALES GST</VOUCHERTYPENAME>
<DATE>20211125</DATE>
<EFFECTIVEDATE>20211125</EFFECTIVEDATE>
<ISCANCELLED>No</ISCANCELLED>
<USETRACKINGNUMBER>No</USETRACKINGNUMBER>
<ISPOSTDATED>No</ISPOSTDATED>
<ISINVOICE>No</ISINVOICE>
<DIFFACTUALQTY>No</DIFFACTUALQTY>
<VOUCHERNUMBER>ALSM003981/21-22</VOUCHERNUMBER>
<PARTYLEDGERNAME>DFFI IMPEX</PARTYLEDGERNAME>
<STATENAME>Maharashtra</STATENAME>
<PARTYGSTIN>27BFJPP3977E1Z0</PARTYGSTIN>
<NARRATION>Being amount debited towards MISC INVOICE SALES AS described  PCIU9444480   MH12MV7827, Invoice No: ALSM003981/21-22</NARRATION>
<ALLLEDGERENTRIES.LIST>
<REMOVEZEROENTRIES>No</REMOVEZEROENTRIES>
<ISDEEMEDPOSITIVE>Yes</ISDEEMEDPOSITIVE>
<LEDGERFROMITEM>No</LEDGERFROMITEM>
<LEDGERNAME>DFFI IMPEX</LEDGERNAME>
<AMOUNT>-3068.000</AMOUNT>
<BILLALLOCATIONS.LIST>
<NAME>ALSM003981/21-22</NAME>
<BILLTYPE>New Ref</BILLTYPE>
<AMOUNT>-3068.000</AMOUNT>
</BILLALLOCATIONS.LIST>
</ALLLEDGERENTRIES.LIST>
<ALLLEDGERENTRIES.LIST>
<REMOVEZEROENTRIES>No</REMOVEZEROENTRIES>
<ISDEEMEDPOSITIVE>No</ISDEEMEDPOSITIVE>
<LEDGERFROMITEM>No</LEDGERFROMITEM>
<LEDGERNAME>Misc.Sales</LEDGERNAME>
<AMOUNT>2600.000</AMOUNT>
</ALLLEDGERENTRIES.LIST>
<ALLLEDGERENTRIES.LIST>
<REMOVEZEROENTRIES>No</REMOVEZEROENTRIES>
<ISDEEMEDPOSITIVE>No</ISDEEMEDPOSITIVE>
<LEDGERFROMITEM>No</LEDGERFROMITEM>
<LEDGERNAME>CGST</LEDGERNAME>
<AMOUNT>234.000000000</AMOUNT>
</ALLLEDGERENTRIES.LIST>
<ALLLEDGERENTRIES.LIST>
<REMOVEZEROENTRIES>No</REMOVEZEROENTRIES>
<ISDEEMEDPOSITIVE>No</ISDEEMEDPOSITIVE>
<LEDGERFROMITEM>No</LEDGERFROMITEM>
<LEDGERNAME>SGST</LEDGERNAME>
<AMOUNT>234.000000000</AMOUNT>
</ALLLEDGERENTRIES.LIST>
<ALLLEDGERENTRIES.LIST>
<REMOVEZEROENTRIES>No</REMOVEZEROENTRIES>
<ISDEEMEDPOSITIVE>No</ISDEEMEDPOSITIVE>
<LEDGERFROMITEM>No</LEDGERFROMITEM>
<LEDGERNAME>SHORT AND EXCESS</LEDGERNAME>
<AMOUNT>0.000</AMOUNT>
</ALLLEDGERENTRIES.LIST>
</VOUCHER>
<VOUCHER>
<ISOPTIONAL>No</ISOPTIONAL>
<USEFORGAINLOSS>No</USEFORGAINLOSS>
<USEFORCOMPOUND>No</USEFORCOMPOUND>
<VOUCHERTYPENAME>MISC SALES GST</VOUCHERTYPENAME>
<DATE>20211125</DATE>
<EFFECTIVEDATE>20211125</EFFECTIVEDATE>
<ISCANCELLED>No</ISCANCELLED>
<USETRACKINGNUMBER>No</USETRACKINGNUMBER>
<ISPOSTDATED>No</ISPOSTDATED>
<ISINVOICE>No</ISINVOICE>
<DIFFACTUALQTY>No</DIFFACTUALQTY>
<VOUCHERNUMBER>ALSM003982/21-22</VOUCHERNUMBER>
<PARTYLEDGERNAME>DEEPAK LOGISTICS  FORWARDERS</PARTYLEDGERNAME>
<STATENAME>Maharashtra</STATENAME>
<PARTYGSTIN>27AALFD1650J1ZD</PARTYGSTIN>
<NARRATION>Being amount debited towards MISC INVOICE SALES AS described  PCIU1221644 MH46AR2733, Invoice No: ALSM003982/21-22</NARRATION>
<ALLLEDGERENTRIES.LIST>
<REMOVEZEROENTRIES>No</REMOVEZEROENTRIES>
<ISDEEMEDPOSITIVE>Yes</ISDEEMEDPOSITIVE>
<LEDGERFROMITEM>No</LEDGERFROMITEM>
<LEDGERNAME>DEEPAK LOGISTICS  FORWARDERS</LEDGERNAME>
<AMOUNT>-1534.000</AMOUNT>
<BILLALLOCATIONS.LIST>
<NAME>ALSM003982/21-22</NAME>
<BILLTYPE>New Ref</BILLTYPE>
<AMOUNT>-1534.000</AMOUNT>
</BILLALLOCATIONS.LIST>
</ALLLEDGERENTRIES.LIST>
<ALLLEDGERENTRIES.LIST>
<REMOVEZEROENTRIES>No</REMOVEZEROENTRIES>
<ISDEEMEDPOSITIVE>No</ISDEEMEDPOSITIVE>
<LEDGERFROMITEM>No</LEDGERFROMITEM>
<LEDGERNAME>Misc.Sales</LEDGERNAME>
<AMOUNT>1300.000</AMOUNT>
</ALLLEDGERENTRIES.LIST>
<ALLLEDGERENTRIES.LIST>
<REMOVEZEROENTRIES>No</REMOVEZEROENTRIES>
<ISDEEMEDPOSITIVE>No</ISDEEMEDPOSITIVE>
<LEDGERFROMITEM>No</LEDGERFROMITEM>
<LEDGERNAME>CGST</LEDGERNAME>
<AMOUNT>117.000000000</AMOUNT>
</ALLLEDGERENTRIES.LIST>
<ALLLEDGERENTRIES.LIST>
<REMOVEZEROENTRIES>No</REMOVEZEROENTRIES>
<ISDEEMEDPOSITIVE>No</ISDEEMEDPOSITIVE>
<LEDGERFROMITEM>No</LEDGERFROMITEM>
<LEDGERNAME>SGST</LEDGERNAME>
<AMOUNT>117.000000000</AMOUNT>
</ALLLEDGERENTRIES.LIST>
<ALLLEDGERENTRIES.LIST>
<REMOVEZEROENTRIES>No</REMOVEZEROENTRIES>
<ISDEEMEDPOSITIVE>No</ISDEEMEDPOSITIVE>
<LEDGERFROMITEM>No</LEDGERFROMITEM>
<LEDGERNAME>SHORT AND EXCESS</LEDGERNAME>
<AMOUNT>0.000</AMOUNT>
</ALLLEDGERENTRIES.LIST>
</VOUCHER>
<VOUCHER>
<ISOPTIONAL>No</ISOPTIONAL>
<USEFORGAINLOSS>No</USEFORGAINLOSS>
<USEFORCOMPOUND>No</USEFORCOMPOUND>
<VOUCHERTYPENAME>MISC SALES GST</VOUCHERTYPENAME>
<DATE>20211125</DATE>
<EFFECTIVEDATE>20211125</EFFECTIVEDATE>
<ISCANCELLED>No</ISCANCELLED>
<USETRACKINGNUMBER>No</USETRACKINGNUMBER>
<ISPOSTDATED>No</ISPOSTDATED>
<ISINVOICE>No</ISINVOICE>
<DIFFACTUALQTY>No</DIFFACTUALQTY>
<VOUCHERNUMBER>ALSM003983/21-22</VOUCHERNUMBER>
<PARTYLEDGERNAME>RAMKRISHNA LOGISTICS</PARTYLEDGERNAME>
<STATENAME>Maharashtra</STATENAME>
<PARTYGSTIN>27AEYPC6532R1ZL</PARTYGSTIN>
<NARRATION>Being amount debited towards MISC INVOICE SALES AS described  CAIU9642364 MH43Y0556, Invoice No: ALSM003983/21-22</NARRATION>
<ALLLEDGERENTRIES.LIST>
<REMOVEZEROENTRIES>No</REMOVEZEROENTRIES>
<ISDEEMEDPOSITIVE>Yes</ISDEEMEDPOSITIVE>
<LEDGERFROMITEM>No</LEDGERFROMITEM>
<LEDGERNAME>RAMKRISHNA LOGISTICS</LEDGERNAME>
<AMOUNT>-3068.000</AMOUNT>
<BILLALLOCATIONS.LIST>
<NAME>ALSM003983/21-22</NAME>
<BILLTYPE>New Ref</BILLTYPE>
<AMOUNT>-3068.000</AMOUNT>
</BILLALLOCATIONS.LIST>
</ALLLEDGERENTRIES.LIST>
<ALLLEDGERENTRIES.LIST>
<REMOVEZEROENTRIES>No</REMOVEZEROENTRIES>
<ISDEEMEDPOSITIVE>No</ISDEEMEDPOSITIVE>
<LEDGERFROMITEM>No</LEDGERFROMITEM>
<LEDGERNAME>Misc.Sales</LEDGERNAME>
<AMOUNT>2600.000</AMOUNT>
</ALLLEDGERENTRIES.LIST>
<ALLLEDGERENTRIES.LIST>
<REMOVEZEROENTRIES>No</REMOVEZEROENTRIES>
<ISDEEMEDPOSITIVE>No</ISDEEMEDPOSITIVE>
<LEDGERFROMITEM>No</LEDGERFROMITEM>
<LEDGERNAME>CGST</LEDGERNAME>
<AMOUNT>234.000000000</AMOUNT>
</ALLLEDGERENTRIES.LIST>
<ALLLEDGERENTRIES.LIST>
<REMOVEZEROENTRIES>No</REMOVEZEROENTRIES>
<ISDEEMEDPOSITIVE>No</ISDEEMEDPOSITIVE>
<LEDGERFROMITEM>No</LEDGERFROMITEM>
<LEDGERNAME>SGST</LEDGERNAME>
<AMOUNT>234.000000000</AMOUNT>
</ALLLEDGERENTRIES.LIST>
<ALLLEDGERENTRIES.LIST>
<REMOVEZEROENTRIES>No</REMOVEZEROENTRIES>
<ISDEEMEDPOSITIVE>No</ISDEEMEDPOSITIVE>
<LEDGERFROMITEM>No</LEDGERFROMITEM>
<LEDGERNAME>SHORT AND EXCESS</LEDGERNAME>
<AMOUNT>0.000</AMOUNT>
</ALLLEDGERENTRIES.LIST>
</VOUCHER>
<VOUCHER>
<ISOPTIONAL>No</ISOPTIONAL>
<USEFORGAINLOSS>No</USEFORGAINLOSS>
<USEFORCOMPOUND>No</USEFORCOMPOUND>
<VOUCHERTYPENAME>MISC SALES GST</VOUCHERTYPENAME>
<DATE>20211125</DATE>
<EFFECTIVEDATE>20211125</EFFECTIVEDATE>
<ISCANCELLED>No</ISCANCELLED>
<USETRACKINGNUMBER>No</USETRACKINGNUMBER>
<ISPOSTDATED>No</ISPOSTDATED>
<ISINVOICE>No</ISINVOICE>
<DIFFACTUALQTY>No</DIFFACTUALQTY>
<VOUCHERNUMBER>ALSM003984/21-22</VOUCHERNUMBER>
<PARTYLEDGERNAME>LOGIC ELITE ENTERPRISE</PARTYLEDGERNAME>
<STATENAME>Gujarat</STATENAME>
<PARTYGSTIN>24BRHPP9260L1Z8</PARTYGSTIN>
<NARRATION>Being amount debited towards MISC INVOICE SALES AS described  PCIU8879895 MH04JK4673, Invoice No: ALSM003984/21-22</NARRATION>
<ALLLEDGERENTRIES.LIST>
<REMOVEZEROENTRIES>No</REMOVEZEROENTRIES>
<ISDEEMEDPOSITIVE>Yes</ISDEEMEDPOSITIVE>
<LEDGERFROMITEM>No</LEDGERFROMITEM>
<LEDGERNAME>LOGIC ELITE ENTERPRISE</LEDGERNAME>
<AMOUNT>-3068.000</AMOUNT>
<BILLALLOCATIONS.LIST>
<NAME>ALSM003984/21-22</NAME>
<BILLTYPE>New Ref</BILLTYPE>
<AMOUNT>-3068.000</AMOUNT>
</BILLALLOCATIONS.LIST>
</ALLLEDGERENTRIES.LIST>
<ALLLEDGERENTRIES.LIST>
<REMOVEZEROENTRIES>No</REMOVEZEROENTRIES>
<ISDEEMEDPOSITIVE>No</ISDEEMEDPOSITIVE>
<LEDGERFROMITEM>No</LEDGERFROMITEM>
<LEDGERNAME>Misc.Sales</LEDGERNAME>
<AMOUNT>2600.000</AMOUNT>
</ALLLEDGERENTRIES.LIST>
<ALLLEDGERENTRIES.LIST>
<REMOVEZEROENTRIES>No</REMOVEZEROENTRIES>
<ISDEEMEDPOSITIVE>No</ISDEEMEDPOSITIVE>
<LEDGERFROMITEM>No</LEDGERFROMITEM>
<LEDGERNAME>IGST</LEDGERNAME>
<AMOUNT>468.000000000</AMOUNT>
</ALLLEDGERENTRIES.LIST>
<ALLLEDGERENTRIES.LIST>
<REMOVEZEROENTRIES>No</REMOVEZEROENTRIES>
<ISDEEMEDPOSITIVE>No</ISDEEMEDPOSITIVE>
<LEDGERFROMITEM>No</LEDGERFROMITEM>
<LEDGERNAME>SHORT AND EXCESS</LEDGERNAME>
<AMOUNT>0.000</AMOUNT>
</ALLLEDGERENTRIES.LIST>
</VOUCHER>
<VOUCHER>
<ISOPTIONAL>No</ISOPTIONAL>
<USEFORGAINLOSS>No</USEFORGAINLOSS>
<USEFORCOMPOUND>No</USEFORCOMPOUND>
<VOUCHERTYPENAME>MISC SALES GST</VOUCHERTYPENAME>
<DATE>20211125</DATE>
<EFFECTIVEDATE>20211125</EFFECTIVEDATE>
<ISCANCELLED>No</ISCANCELLED>
<USETRACKINGNUMBER>No</USETRACKINGNUMBER>
<ISPOSTDATED>No</ISPOSTDATED>
<ISINVOICE>No</ISINVOICE>
<DIFFACTUALQTY>No</DIFFACTUALQTY>
<VOUCHERNUMBER>ALSM003985/21-22</VOUCHERNUMBER>
<PARTYLEDGERNAME>HAMILTON HOUSEWARES PVT LTD</PARTYLEDGERNAME>
<STATENAME>Dadra and Nagar Haveli</STATENAME>
<PARTYGSTIN>26AABCD1683Q1Z8</PARTYGSTIN>
<NARRATION>Being amount debited towards MISC INVOICE SALES AS described  BSIU8133835 MH46H1283, Invoice No: ALSM003985/21-22</NARRATION>
<ALLLEDGERENTRIES.LIST>
<REMOVEZEROENTRIES>No</REMOVEZEROENTRIES>
<ISDEEMEDPOSITIVE>Yes</ISDEEMEDPOSITIVE>
<LEDGERFROMITEM>No</LEDGERFROMITEM>
<LEDGERNAME>HAMILTON HOUSEWARES PVT LTD</LEDGERNAME>
<AMOUNT>-3068.000</AMOUNT>
<BILLALLOCATIONS.LIST>
<NAME>ALSM003985/21-22</NAME>
<BILLTYPE>New Ref</BILLTYPE>
<AMOUNT>-3068.000</AMOUNT>
</BILLALLOCATIONS.LIST>
</ALLLEDGERENTRIES.LIST>
<ALLLEDGERENTRIES.LIST>
<REMOVEZEROENTRIES>No</REMOVEZEROENTRIES>
<ISDEEMEDPOSITIVE>No</ISDEEMEDPOSITIVE>
<LEDGERFROMITEM>No</LEDGERFROMITEM>
<LEDGERNAME>Misc.Sales</LEDGERNAME>
<AMOUNT>2600.000</AMOUNT>
</ALLLEDGERENTRIES.LIST>
<ALLLEDGERENTRIES.LIST>
<REMOVEZEROENTRIES>No</REMOVEZEROENTRIES>
<ISDEEMEDPOSITIVE>No</ISDEEMEDPOSITIVE>
<LEDGERFROMITEM>No</LEDGERFROMITEM>
<LEDGERNAME>IGST</LEDGERNAME>
<AMOUNT>468.000000000</AMOUNT>
</ALLLEDGERENTRIES.LIST>
<ALLLEDGERENTRIES.LIST>
<REMOVEZEROENTRIES>No</REMOVEZEROENTRIES>
<ISDEEMEDPOSITIVE>No</ISDEEMEDPOSITIVE>
<LEDGERFROMITEM>No</LEDGERFROMITEM>
<LEDGERNAME>SHORT AND EXCESS</LEDGERNAME>
<AMOUNT>0.000</AMOUNT>
</ALLLEDGERENTRIES.LIST>
</VOUCHER>
<VOUCHER>
<ISOPTIONAL>No</ISOPTIONAL>
<USEFORGAINLOSS>No</USEFORGAINLOSS>
<USEFORCOMPOUND>No</USEFORCOMPOUND>
<VOUCHERTYPENAME>MISC SALES GST</VOUCHERTYPENAME>
<DATE>20211125</DATE>
<EFFECTIVEDATE>20211125</EFFECTIVEDATE>
<ISCANCELLED>No</ISCANCELLED>
<USETRACKINGNUMBER>No</USETRACKINGNUMBER>
<ISPOSTDATED>No</ISPOSTDATED>
<ISINVOICE>No</ISINVOICE>
<DIFFACTUALQTY>No</DIFFACTUALQTY>
<VOUCHERNUMBER>ALSM003986/21-22</VOUCHERNUMBER>
<PARTYLEDGERNAME>AVR TECH ENTERPRISES</PARTYLEDGERNAME>
<STATENAME>Maharashtra</STATENAME>
<PARTYGSTIN>27ABLFA7451M1ZX</PARTYGSTIN>
<NARRATION>Being amount debited towards MISC INVOICE SALES AS described  TCNU2394790 MH06AC9856, Invoice No: ALSM003986/21-22</NARRATION>
<ALLLEDGERENTRIES.LIST>
<REMOVEZEROENTRIES>No</REMOVEZEROENTRIES>
<ISDEEMEDPOSITIVE>Yes</ISDEEMEDPOSITIVE>
<LEDGERFROMITEM>No</LEDGERFROMITEM>
<LEDGERNAME>AVR TECH ENTERPRISES</LEDGERNAME>
<AMOUNT>-3068.000</AMOUNT>
<BILLALLOCATIONS.LIST>
<NAME>ALSM003986/21-22</NAME>
<BILLTYPE>New Ref</BILLTYPE>
<AMOUNT>-3068.000</AMOUNT>
</BILLALLOCATIONS.LIST>
</ALLLEDGERENTRIES.LIST>
<ALLLEDGERENTRIES.LIST>
<REMOVEZEROENTRIES>No</REMOVEZEROENTRIES>
<ISDEEMEDPOSITIVE>No</ISDEEMEDPOSITIVE>
<LEDGERFROMITEM>No</LEDGERFROMITEM>
<LEDGERNAME>Misc.Sales</LEDGERNAME>
<AMOUNT>2600.000</AMOUNT>
</ALLLEDGERENTRIES.LIST>
<ALLLEDGERENTRIES.LIST>
<REMOVEZEROENTRIES>No</REMOVEZEROENTRIES>
<ISDEEMEDPOSITIVE>No</ISDEEMEDPOSITIVE>
<LEDGERFROMITEM>No</LEDGERFROMITEM>
<LEDGERNAME>CGST</LEDGERNAME>
<AMOUNT>234.000000000</AMOUNT>
</ALLLEDGERENTRIES.LIST>
<ALLLEDGERENTRIES.LIST>
<REMOVEZEROENTRIES>No</REMOVEZEROENTRIES>
<ISDEEMEDPOSITIVE>No</ISDEEMEDPOSITIVE>
<LEDGERFROMITEM>No</LEDGERFROMITEM>
<LEDGERNAME>SGST</LEDGERNAME>
<AMOUNT>234.000000000</AMOUNT>
</ALLLEDGERENTRIES.LIST>
<ALLLEDGERENTRIES.LIST>
<REMOVEZEROENTRIES>No</REMOVEZEROENTRIES>
<ISDEEMEDPOSITIVE>No</ISDEEMEDPOSITIVE>
<LEDGERFROMITEM>No</LEDGERFROMITEM>
<LEDGERNAME>SHORT AND EXCESS</LEDGERNAME>
<AMOUNT>0.000</AMOUNT>
</ALLLEDGERENTRIES.LIST>
</VOUCHER>
<VOUCHER>
<ISOPTIONAL>No</ISOPTIONAL>
<USEFORGAINLOSS>No</USEFORGAINLOSS>
<USEFORCOMPOUND>No</USEFORCOMPOUND>
<VOUCHERTYPENAME>MISC SALES GST</VOUCHERTYPENAME>
<DATE>20211125</DATE>
<EFFECTIVEDATE>20211125</EFFECTIVEDATE>
<ISCANCELLED>No</ISCANCELLED>
<USETRACKINGNUMBER>No</USETRACKINGNUMBER>
<ISPOSTDATED>No</ISPOSTDATED>
<ISINVOICE>No</ISINVOICE>
<DIFFACTUALQTY>No</DIFFACTUALQTY>
<VOUCHERNUMBER>ALSM003987/21-22</VOUCHERNUMBER>
<PARTYLEDGERNAME>SANDEEP ORGANICS PVT LTD</PARTYLEDGERNAME>
<STATENAME>Maharashtra</STATENAME>
<PARTYGSTIN>27AAICS7052F1Z8</PARTYGSTIN>
<NARRATION>Being amount debited towards MISC INVOICE SALES AS described  FCIU5194613 MH43U7533, Invoice No: ALSM003987/21-22</NARRATION>
<ALLLEDGERENTRIES.LIST>
<REMOVEZEROENTRIES>No</REMOVEZEROENTRIES>
<ISDEEMEDPOSITIVE>Yes</ISDEEMEDPOSITIVE>
<LEDGERFROMITEM>No</LEDGERFROMITEM>
<LEDGERNAME>SANDEEP ORGANICS PVT LTD</LEDGERNAME>
<AMOUNT>-1534.000</AMOUNT>
<BILLALLOCATIONS.LIST>
<NAME>ALSM003987/21-22</NAME>
<BILLTYPE>New Ref</BILLTYPE>
<AMOUNT>-1534.000</AMOUNT>
</BILLALLOCATIONS.LIST>
</ALLLEDGERENTRIES.LIST>
<ALLLEDGERENTRIES.LIST>
<REMOVEZEROENTRIES>No</REMOVEZEROENTRIES>
<ISDEEMEDPOSITIVE>No</ISDEEMEDPOSITIVE>
<LEDGERFROMITEM>No</LEDGERFROMITEM>
<LEDGERNAME>Misc.Sales</LEDGERNAME>
<AMOUNT>1300.000</AMOUNT>
</ALLLEDGERENTRIES.LIST>
<ALLLEDGERENTRIES.LIST>
<REMOVEZEROENTRIES>No</REMOVEZEROENTRIES>
<ISDEEMEDPOSITIVE>No</ISDEEMEDPOSITIVE>
<LEDGERFROMITEM>No</LEDGERFROMITEM>
<LEDGERNAME>CGST</LEDGERNAME>
<AMOUNT>117.000000000</AMOUNT>
</ALLLEDGERENTRIES.LIST>
<ALLLEDGERENTRIES.LIST>
<REMOVEZEROENTRIES>No</REMOVEZEROENTRIES>
<ISDEEMEDPOSITIVE>No</ISDEEMEDPOSITIVE>
<LEDGERFROMITEM>No</LEDGERFROMITEM>
<LEDGERNAME>SGST</LEDGERNAME>
<AMOUNT>117.000000000</AMOUNT>
</ALLLEDGERENTRIES.LIST>
<ALLLEDGERENTRIES.LIST>
<REMOVEZEROENTRIES>No</REMOVEZEROENTRIES>
<ISDEEMEDPOSITIVE>No</ISDEEMEDPOSITIVE>
<LEDGERFROMITEM>No</LEDGERFROMITEM>
<LEDGERNAME>SHORT AND EXCESS</LEDGERNAME>
<AMOUNT>0.000</AMOUNT>
</ALLLEDGERENTRIES.LIST>
</VOUCHER>
<VOUCHER>
<ISOPTIONAL>No</ISOPTIONAL>
<USEFORGAINLOSS>No</USEFORGAINLOSS>
<USEFORCOMPOUND>No</USEFORCOMPOUND>
<VOUCHERTYPENAME>MISC SALES GST</VOUCHERTYPENAME>
<DATE>20211125</DATE>
<EFFECTIVEDATE>20211125</EFFECTIVEDATE>
<ISCANCELLED>No</ISCANCELLED>
<USETRACKINGNUMBER>No</USETRACKINGNUMBER>
<ISPOSTDATED>No</ISPOSTDATED>
<ISINVOICE>No</ISINVOICE>
<DIFFACTUALQTY>No</DIFFACTUALQTY>
<VOUCHERNUMBER>ALSM003988/21-22</VOUCHERNUMBER>
<PARTYLEDGERNAME>GODARA ROADWAYS PRIVATE LIMITED</PARTYLEDGERNAME>
<STATENAME>Maharashtra</STATENAME>
<PARTYGSTIN>27AABCG5773C2ZO</PARTYGSTIN>
<NARRATION>Being amount debited towards MISC INVOICE SALES AS described  PCIU8507413 MH46H3851, Invoice No: ALSM003988/21-22</NARRATION>
<ALLLEDGERENTRIES.LIST>
<REMOVEZEROENTRIES>No</REMOVEZEROENTRIES>
<ISDEEMEDPOSITIVE>Yes</ISDEEMEDPOSITIVE>
<LEDGERFROMITEM>No</LEDGERFROMITEM>
<LEDGERNAME>GODARA ROADWAYS PRIVATE LIMITED</LEDGERNAME>
<AMOUNT>-3068.000</AMOUNT>
<BILLALLOCATIONS.LIST>
<NAME>ALSM003988/21-22</NAME>
<BILLTYPE>New Ref</BILLTYPE>
<AMOUNT>-3068.000</AMOUNT>
</BILLALLOCATIONS.LIST>
</ALLLEDGERENTRIES.LIST>
<ALLLEDGERENTRIES.LIST>
<REMOVEZEROENTRIES>No</REMOVEZEROENTRIES>
<ISDEEMEDPOSITIVE>No</ISDEEMEDPOSITIVE>
<LEDGERFROMITEM>No</LEDGERFROMITEM>
<LEDGERNAME>Misc.Sales</LEDGERNAME>
<AMOUNT>2600.000</AMOUNT>
</ALLLEDGERENTRIES.LIST>
<ALLLEDGERENTRIES.LIST>
<REMOVEZEROENTRIES>No</REMOVEZEROENTRIES>
<ISDEEMEDPOSITIVE>No</ISDEEMEDPOSITIVE>
<LEDGERFROMITEM>No</LEDGERFROMITEM>
<LEDGERNAME>CGST</LEDGERNAME>
<AMOUNT>234.000000000</AMOUNT>
</ALLLEDGERENTRIES.LIST>
<ALLLEDGERENTRIES.LIST>
<REMOVEZEROENTRIES>No</REMOVEZEROENTRIES>
<ISDEEMEDPOSITIVE>No</ISDEEMEDPOSITIVE>
<LEDGERFROMITEM>No</LEDGERFROMITEM>
<LEDGERNAME>SGST</LEDGERNAME>
<AMOUNT>234.000000000</AMOUNT>
</ALLLEDGERENTRIES.LIST>
<ALLLEDGERENTRIES.LIST>
<REMOVEZEROENTRIES>No</REMOVEZEROENTRIES>
<ISDEEMEDPOSITIVE>No</ISDEEMEDPOSITIVE>
<LEDGERFROMITEM>No</LEDGERFROMITEM>
<LEDGERNAME>SHORT AND EXCESS</LEDGERNAME>
<AMOUNT>0.000</AMOUNT>
</ALLLEDGERENTRIES.LIST>
</VOUCHER>
<VOUCHER>
<ISOPTIONAL>No</ISOPTIONAL>
<USEFORGAINLOSS>No</USEFORGAINLOSS>
<USEFORCOMPOUND>No</USEFORCOMPOUND>
<VOUCHERTYPENAME>MISC SALES GST</VOUCHERTYPENAME>
<DATE>20211125</DATE>
<EFFECTIVEDATE>20211125</EFFECTIVEDATE>
<ISCANCELLED>No</ISCANCELLED>
<USETRACKINGNUMBER>No</USETRACKINGNUMBER>
<ISPOSTDATED>No</ISPOSTDATED>
<ISINVOICE>No</ISINVOICE>
<DIFFACTUALQTY>No</DIFFACTUALQTY>
<VOUCHERNUMBER>ALSM003989/21-22</VOUCHERNUMBER>
<PARTYLEDGERNAME>RUDRA SHIPPING SERVICES LLP</PARTYLEDGERNAME>
<STATENAME>Maharashtra</STATENAME>
<PARTYGSTIN>27AAYFR4399D1ZF</PARTYGSTIN>
<NARRATION>Being amount debited towards MISC INVOICE SALES AS described  PCIU1125893   MH43BP9072, Invoice No: ALSM003989/21-22</NARRATION>
<ALLLEDGERENTRIES.LIST>
<REMOVEZEROENTRIES>No</REMOVEZEROENTRIES>
<ISDEEMEDPOSITIVE>Yes</ISDEEMEDPOSITIVE>
<LEDGERFROMITEM>No</LEDGERFROMITEM>
<LEDGERNAME>RUDRA SHIPPING SERVICES LLP</LEDGERNAME>
<AMOUNT>-1534.000</AMOUNT>
<BILLALLOCATIONS.LIST>
<NAME>ALSM003989/21-22</NAME>
<BILLTYPE>New Ref</BILLTYPE>
<AMOUNT>-1534.000</AMOUNT>
</BILLALLOCATIONS.LIST>
</ALLLEDGERENTRIES.LIST>
<ALLLEDGERENTRIES.LIST>
<REMOVEZEROENTRIES>No</REMOVEZEROENTRIES>
<ISDEEMEDPOSITIVE>No</ISDEEMEDPOSITIVE>
<LEDGERFROMITEM>No</LEDGERFROMITEM>
<LEDGERNAME>Misc.Sales</LEDGERNAME>
<AMOUNT>1300.000</AMOUNT>
</ALLLEDGERENTRIES.LIST>
<ALLLEDGERENTRIES.LIST>
<REMOVEZEROENTRIES>No</REMOVEZEROENTRIES>
<ISDEEMEDPOSITIVE>No</ISDEEMEDPOSITIVE>
<LEDGERFROMITEM>No</LEDGERFROMITEM>
<LEDGERNAME>CGST</LEDGERNAME>
<AMOUNT>117.000000000</AMOUNT>
</ALLLEDGERENTRIES.LIST>
<ALLLEDGERENTRIES.LIST>
<REMOVEZEROENTRIES>No</REMOVEZEROENTRIES>
<ISDEEMEDPOSITIVE>No</ISDEEMEDPOSITIVE>
<LEDGERFROMITEM>No</LEDGERFROMITEM>
<LEDGERNAME>SGST</LEDGERNAME>
<AMOUNT>117.000000000</AMOUNT>
</ALLLEDGERENTRIES.LIST>
<ALLLEDGERENTRIES.LIST>
<REMOVEZEROENTRIES>No</REMOVEZEROENTRIES>
<ISDEEMEDPOSITIVE>No</ISDEEMEDPOSITIVE>
<LEDGERFROMITEM>No</LEDGERFROMITEM>
<LEDGERNAME>SHORT AND EXCESS</LEDGERNAME>
<AMOUNT>0.000</AMOUNT>
</ALLLEDGERENTRIES.LIST>
</VOUCHER>
<VOUCHER>
<ISOPTIONAL>No</ISOPTIONAL>
<USEFORGAINLOSS>No</USEFORGAINLOSS>
<USEFORCOMPOUND>No</USEFORCOMPOUND>
<VOUCHERTYPENAME>MISC SALES GST</VOUCHERTYPENAME>
<DATE>20211125</DATE>
<EFFECTIVEDATE>20211125</EFFECTIVEDATE>
<ISCANCELLED>No</ISCANCELLED>
<USETRACKINGNUMBER>No</USETRACKINGNUMBER>
<ISPOSTDATED>No</ISPOSTDATED>
<ISINVOICE>No</ISINVOICE>
<DIFFACTUALQTY>No</DIFFACTUALQTY>
<VOUCHERNUMBER>ALSM003990/21-22</VOUCHERNUMBER>
<PARTYLEDGERNAME>RUDRA SHIPPING SERVICES LLP</PARTYLEDGERNAME>
<STATENAME>Maharashtra</STATENAME>
<PARTYGSTIN>27AAYFR4399D1ZF</PARTYGSTIN>
<NARRATION>Being amount debited towards MISC INVOICE SALES AS described  PCIU0070374   MH43BP9018, Invoice No: ALSM003990/21-22</NARRATION>
<ALLLEDGERENTRIES.LIST>
<REMOVEZEROENTRIES>No</REMOVEZEROENTRIES>
<ISDEEMEDPOSITIVE>Yes</ISDEEMEDPOSITIVE>
<LEDGERFROMITEM>No</LEDGERFROMITEM>
<LEDGERNAME>RUDRA SHIPPING SERVICES LLP</LEDGERNAME>
<AMOUNT>-1534.000</AMOUNT>
<BILLALLOCATIONS.LIST>
<NAME>ALSM003990/21-22</NAME>
<BILLTYPE>New Ref</BILLTYPE>
<AMOUNT>-1534.000</AMOUNT>
</BILLALLOCATIONS.LIST>
</ALLLEDGERENTRIES.LIST>
<ALLLEDGERENTRIES.LIST>
<REMOVEZEROENTRIES>No</REMOVEZEROENTRIES>
<ISDEEMEDPOSITIVE>No</ISDEEMEDPOSITIVE>
<LEDGERFROMITEM>No</LEDGERFROMITEM>
<LEDGERNAME>Misc.Sales</LEDGERNAME>
<AMOUNT>1300.000</AMOUNT>
</ALLLEDGERENTRIES.LIST>
<ALLLEDGERENTRIES.LIST>
<REMOVEZEROENTRIES>No</REMOVEZEROENTRIES>
<ISDEEMEDPOSITIVE>No</ISDEEMEDPOSITIVE>
<LEDGERFROMITEM>No</LEDGERFROMITEM>
<LEDGERNAME>CGST</LEDGERNAME>
<AMOUNT>117.000000000</AMOUNT>
</ALLLEDGERENTRIES.LIST>
<ALLLEDGERENTRIES.LIST>
<REMOVEZEROENTRIES>No</REMOVEZEROENTRIES>
<ISDEEMEDPOSITIVE>No</ISDEEMEDPOSITIVE>
<LEDGERFROMITEM>No</LEDGERFROMITEM>
<LEDGERNAME>SGST</LEDGERNAME>
<AMOUNT>117.000000000</AMOUNT>
</ALLLEDGERENTRIES.LIST>
<ALLLEDGERENTRIES.LIST>
<REMOVEZEROENTRIES>No</REMOVEZEROENTRIES>
<ISDEEMEDPOSITIVE>No</ISDEEMEDPOSITIVE>
<LEDGERFROMITEM>No</LEDGERFROMITEM>
<LEDGERNAME>SHORT AND EXCESS</LEDGERNAME>
<AMOUNT>0.000</AMOUNT>
</ALLLEDGERENTRIES.LIST>
</VOUCHER>
<VOUCHER>
<ISOPTIONAL>No</ISOPTIONAL>
<USEFORGAINLOSS>No</USEFORGAINLOSS>
<USEFORCOMPOUND>No</USEFORCOMPOUND>
<VOUCHERTYPENAME>MISC SALES GST</VOUCHERTYPENAME>
<DATE>20211125</DATE>
<EFFECTIVEDATE>20211125</EFFECTIVEDATE>
<ISCANCELLED>No</ISCANCELLED>
<USETRACKINGNUMBER>No</USETRACKINGNUMBER>
<ISPOSTDATED>No</ISPOSTDATED>
<ISINVOICE>No</ISINVOICE>
<DIFFACTUALQTY>No</DIFFACTUALQTY>
<VOUCHERNUMBER>ALSM003991/21-22</VOUCHERNUMBER>
<PARTYLEDGERNAME>RUDRA SHIPPING SERVICES LLP</PARTYLEDGERNAME>
<STATENAME>Maharashtra</STATENAME>
<PARTYGSTIN>27AAYFR4399D1ZF</PARTYGSTIN>
<NARRATION>Being amount debited towards MISC INVOICE SALES AS described  PCIU1817016   MH04GC7354, Invoice No: ALSM003991/21-22</NARRATION>
<ALLLEDGERENTRIES.LIST>
<REMOVEZEROENTRIES>No</REMOVEZEROENTRIES>
<ISDEEMEDPOSITIVE>Yes</ISDEEMEDPOSITIVE>
<LEDGERFROMITEM>No</LEDGERFROMITEM>
<LEDGERNAME>RUDRA SHIPPING SERVICES LLP</LEDGERNAME>
<AMOUNT>-1534.000</AMOUNT>
<BILLALLOCATIONS.LIST>
<NAME>ALSM003991/21-22</NAME>
<BILLTYPE>New Ref</BILLTYPE>
<AMOUNT>-1534.000</AMOUNT>
</BILLALLOCATIONS.LIST>
</ALLLEDGERENTRIES.LIST>
<ALLLEDGERENTRIES.LIST>
<REMOVEZEROENTRIES>No</REMOVEZEROENTRIES>
<ISDEEMEDPOSITIVE>No</ISDEEMEDPOSITIVE>
<LEDGERFROMITEM>No</LEDGERFROMITEM>
<LEDGERNAME>Misc.Sales</LEDGERNAME>
<AMOUNT>1300.000</AMOUNT>
</ALLLEDGERENTRIES.LIST>
<ALLLEDGERENTRIES.LIST>
<REMOVEZEROENTRIES>No</REMOVEZEROENTRIES>
<ISDEEMEDPOSITIVE>No</ISDEEMEDPOSITIVE>
<LEDGERFROMITEM>No</LEDGERFROMITEM>
<LEDGERNAME>CGST</LEDGERNAME>
<AMOUNT>117.000000000</AMOUNT>
</ALLLEDGERENTRIES.LIST>
<ALLLEDGERENTRIES.LIST>
<REMOVEZEROENTRIES>No</REMOVEZEROENTRIES>
<ISDEEMEDPOSITIVE>No</ISDEEMEDPOSITIVE>
<LEDGERFROMITEM>No</LEDGERFROMITEM>
<LEDGERNAME>SGST</LEDGERNAME>
<AMOUNT>117.000000000</AMOUNT>
</ALLLEDGERENTRIES.LIST>
<ALLLEDGERENTRIES.LIST>
<REMOVEZEROENTRIES>No</REMOVEZEROENTRIES>
<ISDEEMEDPOSITIVE>No</ISDEEMEDPOSITIVE>
<LEDGERFROMITEM>No</LEDGERFROMITEM>
<LEDGERNAME>SHORT AND EXCESS</LEDGERNAME>
<AMOUNT>0.000</AMOUNT>
</ALLLEDGERENTRIES.LIST>
</VOUCHER>
<VOUCHER>
<ISOPTIONAL>No</ISOPTIONAL>
<USEFORGAINLOSS>No</USEFORGAINLOSS>
<USEFORCOMPOUND>No</USEFORCOMPOUND>
<VOUCHERTYPENAME>MISC SALES GST</VOUCHERTYPENAME>
<DATE>20211125</DATE>
<EFFECTIVEDATE>20211125</EFFECTIVEDATE>
<ISCANCELLED>No</ISCANCELLED>
<USETRACKINGNUMBER>No</USETRACKINGNUMBER>
<ISPOSTDATED>No</ISPOSTDATED>
<ISINVOICE>No</ISINVOICE>
<DIFFACTUALQTY>No</DIFFACTUALQTY>
<VOUCHERNUMBER>ALSM003992/21-22</VOUCHERNUMBER>
<PARTYLEDGERNAME>RUDRA SHIPPING SERVICES LLP</PARTYLEDGERNAME>
<STATENAME>Maharashtra</STATENAME>
<PARTYGSTIN>27AAYFR4399D1ZF</PARTYGSTIN>
<NARRATION>Being amount debited towards MISC INVOICE SALES AS described  PCIU1031027   MH43BP9081, Invoice No: ALSM003992/21-22</NARRATION>
<ALLLEDGERENTRIES.LIST>
<REMOVEZEROENTRIES>No</REMOVEZEROENTRIES>
<ISDEEMEDPOSITIVE>Yes</ISDEEMEDPOSITIVE>
<LEDGERFROMITEM>No</LEDGERFROMITEM>
<LEDGERNAME>RUDRA SHIPPING SERVICES LLP</LEDGERNAME>
<AMOUNT>-1534.000</AMOUNT>
<BILLALLOCATIONS.LIST>
<NAME>ALSM003992/21-22</NAME>
<BILLTYPE>New Ref</BILLTYPE>
<AMOUNT>-1534.000</AMOUNT>
</BILLALLOCATIONS.LIST>
</ALLLEDGERENTRIES.LIST>
<ALLLEDGERENTRIES.LIST>
<REMOVEZEROENTRIES>No</REMOVEZEROENTRIES>
<ISDEEMEDPOSITIVE>No</ISDEEMEDPOSITIVE>
<LEDGERFROMITEM>No</LEDGERFROMITEM>
<LEDGERNAME>Misc.Sales</LEDGERNAME>
<AMOUNT>1300.000</AMOUNT>
</ALLLEDGERENTRIES.LIST>
<ALLLEDGERENTRIES.LIST>
<REMOVEZEROENTRIES>No</REMOVEZEROENTRIES>
<ISDEEMEDPOSITIVE>No</ISDEEMEDPOSITIVE>
<LEDGERFROMITEM>No</LEDGERFROMITEM>
<LEDGERNAME>CGST</LEDGERNAME>
<AMOUNT>117.000000000</AMOUNT>
</ALLLEDGERENTRIES.LIST>
<ALLLEDGERENTRIES.LIST>
<REMOVEZEROENTRIES>No</REMOVEZEROENTRIES>
<ISDEEMEDPOSITIVE>No</ISDEEMEDPOSITIVE>
<LEDGERFROMITEM>No</LEDGERFROMITEM>
<LEDGERNAME>SGST</LEDGERNAME>
<AMOUNT>117.000000000</AMOUNT>
</ALLLEDGERENTRIES.LIST>
<ALLLEDGERENTRIES.LIST>
<REMOVEZEROENTRIES>No</REMOVEZEROENTRIES>
<ISDEEMEDPOSITIVE>No</ISDEEMEDPOSITIVE>
<LEDGERFROMITEM>No</LEDGERFROMITEM>
<LEDGERNAME>SHORT AND EXCESS</LEDGERNAME>
<AMOUNT>0.000</AMOUNT>
</ALLLEDGERENTRIES.LIST>
</VOUCHER>
<VOUCHER>
<ISOPTIONAL>No</ISOPTIONAL>
<USEFORGAINLOSS>No</USEFORGAINLOSS>
<USEFORCOMPOUND>No</USEFORCOMPOUND>
<VOUCHERTYPENAME>MISC SALES GST</VOUCHERTYPENAME>
<DATE>20211125</DATE>
<EFFECTIVEDATE>20211125</EFFECTIVEDATE>
<ISCANCELLED>No</ISCANCELLED>
<USETRACKINGNUMBER>No</USETRACKINGNUMBER>
<ISPOSTDATED>No</ISPOSTDATED>
<ISINVOICE>No</ISINVOICE>
<DIFFACTUALQTY>No</DIFFACTUALQTY>
<VOUCHERNUMBER>ALSM003993/21-22</VOUCHERNUMBER>
<PARTYLEDGERNAME>DOMO ENGINEERING PLASTICS INDIA PVT LTD</PARTYLEDGERNAME>
<STATENAME>Maharashtra</STATENAME>
<PARTYGSTIN>27AAFCD7590Q1ZS</PARTYGSTIN>
<NARRATION>Being amount debited towards MISC INVOICE SALES AS described  OOLU1008220   MH46H0882, Invoice No: ALSM003993/21-22</NARRATION>
<ALLLEDGERENTRIES.LIST>
<REMOVEZEROENTRIES>No</REMOVEZEROENTRIES>
<ISDEEMEDPOSITIVE>Yes</ISDEEMEDPOSITIVE>
<LEDGERFROMITEM>No</LEDGERFROMITEM>
<LEDGERNAME>DOMO ENGINEERING PLASTICS INDIA PVT LTD</LEDGERNAME>
<AMOUNT>-1534.000</AMOUNT>
<BILLALLOCATIONS.LIST>
<NAME>ALSM003993/21-22</NAME>
<BILLTYPE>New Ref</BILLTYPE>
<AMOUNT>-1534.000</AMOUNT>
</BILLALLOCATIONS.LIST>
</ALLLEDGERENTRIES.LIST>
<ALLLEDGERENTRIES.LIST>
<REMOVEZEROENTRIES>No</REMOVEZEROENTRIES>
<ISDEEMEDPOSITIVE>No</ISDEEMEDPOSITIVE>
<LEDGERFROMITEM>No</LEDGERFROMITEM>
<LEDGERNAME>Misc.Sales</LEDGERNAME>
<AMOUNT>1300.000</AMOUNT>
</ALLLEDGERENTRIES.LIST>
<ALLLEDGERENTRIES.LIST>
<REMOVEZEROENTRIES>No</REMOVEZEROENTRIES>
<ISDEEMEDPOSITIVE>No</ISDEEMEDPOSITIVE>
<LEDGERFROMITEM>No</LEDGERFROMITEM>
<LEDGERNAME>CGST</LEDGERNAME>
<AMOUNT>117.000000000</AMOUNT>
</ALLLEDGERENTRIES.LIST>
<ALLLEDGERENTRIES.LIST>
<REMOVEZEROENTRIES>No</REMOVEZEROENTRIES>
<ISDEEMEDPOSITIVE>No</ISDEEMEDPOSITIVE>
<LEDGERFROMITEM>No</LEDGERFROMITEM>
<LEDGERNAME>SGST</LEDGERNAME>
<AMOUNT>117.000000000</AMOUNT>
</ALLLEDGERENTRIES.LIST>
<ALLLEDGERENTRIES.LIST>
<REMOVEZEROENTRIES>No</REMOVEZEROENTRIES>
<ISDEEMEDPOSITIVE>No</ISDEEMEDPOSITIVE>
<LEDGERFROMITEM>No</LEDGERFROMITEM>
<LEDGERNAME>SHORT AND EXCESS</LEDGERNAME>
<AMOUNT>0.000</AMOUNT>
</ALLLEDGERENTRIES.LIST>
</VOUCHER>
<VOUCHER>
<ISOPTIONAL>No</ISOPTIONAL>
<USEFORGAINLOSS>No</USEFORGAINLOSS>
<USEFORCOMPOUND>No</USEFORCOMPOUND>
<VOUCHERTYPENAME>MISC SALES GST</VOUCHERTYPENAME>
<DATE>20211125</DATE>
<EFFECTIVEDATE>20211125</EFFECTIVEDATE>
<ISCANCELLED>No</ISCANCELLED>
<USETRACKINGNUMBER>No</USETRACKINGNUMBER>
<ISPOSTDATED>No</ISPOSTDATED>
<ISINVOICE>No</ISINVOICE>
<DIFFACTUALQTY>No</DIFFACTUALQTY>
<VOUCHERNUMBER>ALSM003994/21-22</VOUCHERNUMBER>
<PARTYLEDGERNAME>DEEPAK LOGISTICS  FORWARDERS</PARTYLEDGERNAME>
<STATENAME>Maharashtra</STATENAME>
<PARTYGSTIN>27AALFD1650J1ZD</PARTYGSTIN>
<NARRATION>Being amount debited towards MISC INVOICE SALES AS described  PCIU1946796  MH04DD4637, Invoice No: ALSM003994/21-22</NARRATION>
<ALLLEDGERENTRIES.LIST>
<REMOVEZEROENTRIES>No</REMOVEZEROENTRIES>
<ISDEEMEDPOSITIVE>Yes</ISDEEMEDPOSITIVE>
<LEDGERFROMITEM>No</LEDGERFROMITEM>
<LEDGERNAME>DEEPAK LOGISTICS  FORWARDERS</LEDGERNAME>
<AMOUNT>-1534.000</AMOUNT>
<BILLALLOCATIONS.LIST>
<NAME>ALSM003994/21-22</NAME>
<BILLTYPE>New Ref</BILLTYPE>
<AMOUNT>-1534.000</AMOUNT>
</BILLALLOCATIONS.LIST>
</ALLLEDGERENTRIES.LIST>
<ALLLEDGERENTRIES.LIST>
<REMOVEZEROENTRIES>No</REMOVEZEROENTRIES>
<ISDEEMEDPOSITIVE>No</ISDEEMEDPOSITIVE>
<LEDGERFROMITEM>No</LEDGERFROMITEM>
<LEDGERNAME>Misc.Sales</LEDGERNAME>
<AMOUNT>1300.000</AMOUNT>
</ALLLEDGERENTRIES.LIST>
<ALLLEDGERENTRIES.LIST>
<REMOVEZEROENTRIES>No</REMOVEZEROENTRIES>
<ISDEEMEDPOSITIVE>No</ISDEEMEDPOSITIVE>
<LEDGERFROMITEM>No</LEDGERFROMITEM>
<LEDGERNAME>CGST</LEDGERNAME>
<AMOUNT>117.000000000</AMOUNT>
</ALLLEDGERENTRIES.LIST>
<ALLLEDGERENTRIES.LIST>
<REMOVEZEROENTRIES>No</REMOVEZEROENTRIES>
<ISDEEMEDPOSITIVE>No</ISDEEMEDPOSITIVE>
<LEDGERFROMITEM>No</LEDGERFROMITEM>
<LEDGERNAME>SGST</LEDGERNAME>
<AMOUNT>117.000000000</AMOUNT>
</ALLLEDGERENTRIES.LIST>
<ALLLEDGERENTRIES.LIST>
<REMOVEZEROENTRIES>No</REMOVEZEROENTRIES>
<ISDEEMEDPOSITIVE>No</ISDEEMEDPOSITIVE>
<LEDGERFROMITEM>No</LEDGERFROMITEM>
<LEDGERNAME>SHORT AND EXCESS</LEDGERNAME>
<AMOUNT>0.000</AMOUNT>
</ALLLEDGERENTRIES.LIST>
</VOUCHER>
<VOUCHER>
<ISOPTIONAL>No</ISOPTIONAL>
<USEFORGAINLOSS>No</USEFORGAINLOSS>
<USEFORCOMPOUND>No</USEFORCOMPOUND>
<VOUCHERTYPENAME>MISC SALES GST</VOUCHERTYPENAME>
<DATE>20211125</DATE>
<EFFECTIVEDATE>20211125</EFFECTIVEDATE>
<ISCANCELLED>No</ISCANCELLED>
<USETRACKINGNUMBER>No</USETRACKINGNUMBER>
<ISPOSTDATED>No</ISPOSTDATED>
<ISINVOICE>No</ISINVOICE>
<DIFFACTUALQTY>No</DIFFACTUALQTY>
<VOUCHERNUMBER>ALSM003995/21-22</VOUCHERNUMBER>
<PARTYLEDGERNAME>DEEPAK LOGISTICS  FORWARDERS</PARTYLEDGERNAME>
<STATENAME>Maharashtra</STATENAME>
<PARTYGSTIN>27AALFD1650J1ZD</PARTYGSTIN>
<NARRATION>Being amount debited towards MISC INVOICE SALES AS described  PCIU1056283   MH46AR2736, Invoice No: ALSM003995/21-22</NARRATION>
<ALLLEDGERENTRIES.LIST>
<REMOVEZEROENTRIES>No</REMOVEZEROENTRIES>
<ISDEEMEDPOSITIVE>Yes</ISDEEMEDPOSITIVE>
<LEDGERFROMITEM>No</LEDGERFROMITEM>
<LEDGERNAME>DEEPAK LOGISTICS  FORWARDERS</LEDGERNAME>
<AMOUNT>-1534.000</AMOUNT>
<BILLALLOCATIONS.LIST>
<NAME>ALSM003995/21-22</NAME>
<BILLTYPE>New Ref</BILLTYPE>
<AMOUNT>-1534.000</AMOUNT>
</BILLALLOCATIONS.LIST>
</ALLLEDGERENTRIES.LIST>
<ALLLEDGERENTRIES.LIST>
<REMOVEZEROENTRIES>No</REMOVEZEROENTRIES>
<ISDEEMEDPOSITIVE>No</ISDEEMEDPOSITIVE>
<LEDGERFROMITEM>No</LEDGERFROMITEM>
<LEDGERNAME>Misc.Sales</LEDGERNAME>
<AMOUNT>1300.000</AMOUNT>
</ALLLEDGERENTRIES.LIST>
<ALLLEDGERENTRIES.LIST>
<REMOVEZEROENTRIES>No</REMOVEZEROENTRIES>
<ISDEEMEDPOSITIVE>No</ISDEEMEDPOSITIVE>
<LEDGERFROMITEM>No</LEDGERFROMITEM>
<LEDGERNAME>CGST</LEDGERNAME>
<AMOUNT>117.000000000</AMOUNT>
</ALLLEDGERENTRIES.LIST>
<ALLLEDGERENTRIES.LIST>
<REMOVEZEROENTRIES>No</REMOVEZEROENTRIES>
<ISDEEMEDPOSITIVE>No</ISDEEMEDPOSITIVE>
<LEDGERFROMITEM>No</LEDGERFROMITEM>
<LEDGERNAME>SGST</LEDGERNAME>
<AMOUNT>117.000000000</AMOUNT>
</ALLLEDGERENTRIES.LIST>
<ALLLEDGERENTRIES.LIST>
<REMOVEZEROENTRIES>No</REMOVEZEROENTRIES>
<ISDEEMEDPOSITIVE>No</ISDEEMEDPOSITIVE>
<LEDGERFROMITEM>No</LEDGERFROMITEM>
<LEDGERNAME>SHORT AND EXCESS</LEDGERNAME>
<AMOUNT>0.000</AMOUNT>
</ALLLEDGERENTRIES.LIST>
</VOUCHER>
<VOUCHER>
<ISOPTIONAL>No</ISOPTIONAL>
<USEFORGAINLOSS>No</USEFORGAINLOSS>
<USEFORCOMPOUND>No</USEFORCOMPOUND>
<VOUCHERTYPENAME>MISC SALES GST</VOUCHERTYPENAME>
<DATE>20211125</DATE>
<EFFECTIVEDATE>20211125</EFFECTIVEDATE>
<ISCANCELLED>No</ISCANCELLED>
<USETRACKINGNUMBER>No</USETRACKINGNUMBER>
<ISPOSTDATED>No</ISPOSTDATED>
<ISINVOICE>No</ISINVOICE>
<DIFFACTUALQTY>No</DIFFACTUALQTY>
<VOUCHERNUMBER>ALSM003996/21-22</VOUCHERNUMBER>
<PARTYLEDGERNAME>DEEPAK LOGISTICS  FORWARDERS</PARTYLEDGERNAME>
<STATENAME>Maharashtra</STATENAME>
<PARTYGSTIN>27AALFD1650J1ZD</PARTYGSTIN>
<NARRATION>Being amount debited towards MISC INVOICE SALES AS described  PCIU1108366   MH46AR2743, Invoice No: ALSM003996/21-22</NARRATION>
<ALLLEDGERENTRIES.LIST>
<REMOVEZEROENTRIES>No</REMOVEZEROENTRIES>
<ISDEEMEDPOSITIVE>Yes</ISDEEMEDPOSITIVE>
<LEDGERFROMITEM>No</LEDGERFROMITEM>
<LEDGERNAME>DEEPAK LOGISTICS  FORWARDERS</LEDGERNAME>
<AMOUNT>-1534.000</AMOUNT>
<BILLALLOCATIONS.LIST>
<NAME>ALSM003996/21-22</NAME>
<BILLTYPE>New Ref</BILLTYPE>
<AMOUNT>-1534.000</AMOUNT>
</BILLALLOCATIONS.LIST>
</ALLLEDGERENTRIES.LIST>
<ALLLEDGERENTRIES.LIST>
<REMOVEZEROENTRIES>No</REMOVEZEROENTRIES>
<ISDEEMEDPOSITIVE>No</ISDEEMEDPOSITIVE>
<LEDGERFROMITEM>No</LEDGERFROMITEM>
<LEDGERNAME>Misc.Sales</LEDGERNAME>
<AMOUNT>1300.000</AMOUNT>
</ALLLEDGERENTRIES.LIST>
<ALLLEDGERENTRIES.LIST>
<REMOVEZEROENTRIES>No</REMOVEZEROENTRIES>
<ISDEEMEDPOSITIVE>No</ISDEEMEDPOSITIVE>
<LEDGERFROMITEM>No</LEDGERFROMITEM>
<LEDGERNAME>CGST</LEDGERNAME>
<AMOUNT>117.000000000</AMOUNT>
</ALLLEDGERENTRIES.LIST>
<ALLLEDGERENTRIES.LIST>
<REMOVEZEROENTRIES>No</REMOVEZEROENTRIES>
<ISDEEMEDPOSITIVE>No</ISDEEMEDPOSITIVE>
<LEDGERFROMITEM>No</LEDGERFROMITEM>
<LEDGERNAME>SGST</LEDGERNAME>
<AMOUNT>117.000000000</AMOUNT>
</ALLLEDGERENTRIES.LIST>
<ALLLEDGERENTRIES.LIST>
<REMOVEZEROENTRIES>No</REMOVEZEROENTRIES>
<ISDEEMEDPOSITIVE>No</ISDEEMEDPOSITIVE>
<LEDGERFROMITEM>No</LEDGERFROMITEM>
<LEDGERNAME>SHORT AND EXCESS</LEDGERNAME>
<AMOUNT>0.000</AMOUNT>
</ALLLEDGERENTRIES.LIST>
</VOUCHER>
<VOUCHER>
<ISOPTIONAL>No</ISOPTIONAL>
<USEFORGAINLOSS>No</USEFORGAINLOSS>
<USEFORCOMPOUND>No</USEFORCOMPOUND>
<VOUCHERTYPENAME>MISC SALES GST</VOUCHERTYPENAME>
<DATE>20211125</DATE>
<EFFECTIVEDATE>20211125</EFFECTIVEDATE>
<ISCANCELLED>No</ISCANCELLED>
<USETRACKINGNUMBER>No</USETRACKINGNUMBER>
<ISPOSTDATED>No</ISPOSTDATED>
<ISINVOICE>No</ISINVOICE>
<DIFFACTUALQTY>No</DIFFACTUALQTY>
<VOUCHERNUMBER>ALSM003997/21-22</VOUCHERNUMBER>
<PARTYLEDGERNAME>MICHELIN INDIA PRIVATE LIMITED</PARTYLEDGERNAME>
<STATENAME>Maharashtra</STATENAME>
<PARTYGSTIN>27AAGCM0107K1ZN</PARTYGSTIN>
<NARRATION>Being amount debited towards MISC INVOICE SALES AS described  TGXU5414980   MH46BB4608, Invoice No: ALSM003997/21-22</NARRATION>
<ALLLEDGERENTRIES.LIST>
<REMOVEZEROENTRIES>No</REMOVEZEROENTRIES>
<ISDEEMEDPOSITIVE>Yes</ISDEEMEDPOSITIVE>
<LEDGERFROMITEM>No</LEDGERFROMITEM>
<LEDGERNAME>MICHELIN INDIA PRIVATE LIMITED</LEDGERNAME>
<AMOUNT>-3068.000</AMOUNT>
<BILLALLOCATIONS.LIST>
<NAME>ALSM003997/21-22</NAME>
<BILLTYPE>New Ref</BILLTYPE>
<AMOUNT>-3068.000</AMOUNT>
</BILLALLOCATIONS.LIST>
</ALLLEDGERENTRIES.LIST>
<ALLLEDGERENTRIES.LIST>
<REMOVEZEROENTRIES>No</REMOVEZEROENTRIES>
<ISDEEMEDPOSITIVE>No</ISDEEMEDPOSITIVE>
<LEDGERFROMITEM>No</LEDGERFROMITEM>
<LEDGERNAME>Misc.Sales</LEDGERNAME>
<AMOUNT>2600.000</AMOUNT>
</ALLLEDGERENTRIES.LIST>
<ALLLEDGERENTRIES.LIST>
<REMOVEZEROENTRIES>No</REMOVEZEROENTRIES>
<ISDEEMEDPOSITIVE>No</ISDEEMEDPOSITIVE>
<LEDGERFROMITEM>No</LEDGERFROMITEM>
<LEDGERNAME>CGST</LEDGERNAME>
<AMOUNT>234.000000000</AMOUNT>
</ALLLEDGERENTRIES.LIST>
<ALLLEDGERENTRIES.LIST>
<REMOVEZEROENTRIES>No</REMOVEZEROENTRIES>
<ISDEEMEDPOSITIVE>No</ISDEEMEDPOSITIVE>
<LEDGERFROMITEM>No</LEDGERFROMITEM>
<LEDGERNAME>SGST</LEDGERNAME>
<AMOUNT>234.000000000</AMOUNT>
</ALLLEDGERENTRIES.LIST>
<ALLLEDGERENTRIES.LIST>
<REMOVEZEROENTRIES>No</REMOVEZEROENTRIES>
<ISDEEMEDPOSITIVE>No</ISDEEMEDPOSITIVE>
<LEDGERFROMITEM>No</LEDGERFROMITEM>
<LEDGERNAME>SHORT AND EXCESS</LEDGERNAME>
<AMOUNT>0.000</AMOUNT>
</ALLLEDGERENTRIES.LIST>
</VOUCHER>
<VOUCHER>
<ISOPTIONAL>No</ISOPTIONAL>
<USEFORGAINLOSS>No</USEFORGAINLOSS>
<USEFORCOMPOUND>No</USEFORCOMPOUND>
<VOUCHERTYPENAME>MISC SALES GST</VOUCHERTYPENAME>
<DATE>20211125</DATE>
<EFFECTIVEDATE>20211125</EFFECTIVEDATE>
<ISCANCELLED>No</ISCANCELLED>
<USETRACKINGNUMBER>No</USETRACKINGNUMBER>
<ISPOSTDATED>No</ISPOSTDATED>
<ISINVOICE>No</ISINVOICE>
<DIFFACTUALQTY>No</DIFFACTUALQTY>
<VOUCHERNUMBER>ALSM003998/21-22</VOUCHERNUMBER>
<PARTYLEDGERNAME>MICHELIN INDIA PRIVATE LIMITED</PARTYLEDGERNAME>
<STATENAME>Maharashtra</STATENAME>
<PARTYGSTIN>27AAGCM0107K1ZN</PARTYGSTIN>
<NARRATION>Being amount debited towards MISC INVOICE SALES AS described  CAAU5991196   MH46BF5528, Invoice No: ALSM003998/21-22</NARRATION>
<ALLLEDGERENTRIES.LIST>
<REMOVEZEROENTRIES>No</REMOVEZEROENTRIES>
<ISDEEMEDPOSITIVE>Yes</ISDEEMEDPOSITIVE>
<LEDGERFROMITEM>No</LEDGERFROMITEM>
<LEDGERNAME>MICHELIN INDIA PRIVATE LIMITED</LEDGERNAME>
<AMOUNT>-3068.000</AMOUNT>
<BILLALLOCATIONS.LIST>
<NAME>ALSM003998/21-22</NAME>
<BILLTYPE>New Ref</BILLTYPE>
<AMOUNT>-3068.000</AMOUNT>
</BILLALLOCATIONS.LIST>
</ALLLEDGERENTRIES.LIST>
<ALLLEDGERENTRIES.LIST>
<REMOVEZEROENTRIES>No</REMOVEZEROENTRIES>
<ISDEEMEDPOSITIVE>No</ISDEEMEDPOSITIVE>
<LEDGERFROMITEM>No</LEDGERFROMITEM>
<LEDGERNAME>Misc.Sales</LEDGERNAME>
<AMOUNT>2600.000</AMOUNT>
</ALLLEDGERENTRIES.LIST>
<ALLLEDGERENTRIES.LIST>
<REMOVEZEROENTRIES>No</REMOVEZEROENTRIES>
<ISDEEMEDPOSITIVE>No</ISDEEMEDPOSITIVE>
<LEDGERFROMITEM>No</LEDGERFROMITEM>
<LEDGERNAME>CGST</LEDGERNAME>
<AMOUNT>234.000000000</AMOUNT>
</ALLLEDGERENTRIES.LIST>
<ALLLEDGERENTRIES.LIST>
<REMOVEZEROENTRIES>No</REMOVEZEROENTRIES>
<ISDEEMEDPOSITIVE>No</ISDEEMEDPOSITIVE>
<LEDGERFROMITEM>No</LEDGERFROMITEM>
<LEDGERNAME>SGST</LEDGERNAME>
<AMOUNT>234.000000000</AMOUNT>
</ALLLEDGERENTRIES.LIST>
<ALLLEDGERENTRIES.LIST>
<REMOVEZEROENTRIES>No</REMOVEZEROENTRIES>
<ISDEEMEDPOSITIVE>No</ISDEEMEDPOSITIVE>
<LEDGERFROMITEM>No</LEDGERFROMITEM>
<LEDGERNAME>SHORT AND EXCESS</LEDGERNAME>
<AMOUNT>0.000</AMOUNT>
</ALLLEDGERENTRIES.LIST>
</VOUCHER>
<VOUCHER>
<ISOPTIONAL>No</ISOPTIONAL>
<USEFORGAINLOSS>No</USEFORGAINLOSS>
<USEFORCOMPOUND>No</USEFORCOMPOUND>
<VOUCHERTYPENAME>MISC SALES GST</VOUCHERTYPENAME>
<DATE>20211125</DATE>
<EFFECTIVEDATE>20211125</EFFECTIVEDATE>
<ISCANCELLED>No</ISCANCELLED>
<USETRACKINGNUMBER>No</USETRACKINGNUMBER>
<ISPOSTDATED>No</ISPOSTDATED>
<ISINVOICE>No</ISINVOICE>
<DIFFACTUALQTY>No</DIFFACTUALQTY>
<VOUCHERNUMBER>ALSM003999/21-22</VOUCHERNUMBER>
<PARTYLEDGERNAME>VICTORY SALES ENTERPRISES</PARTYLEDGERNAME>
<STATENAME>Maharashtra</STATENAME>
<PARTYGSTIN>27AAAFV5470D1Z9</PARTYGSTIN>
<NARRATION>Being amount debited towards MISC INVOICE SALES AS described  HMMU2097395   MH06AQ8304, Invoice No: ALSM003999/21-22</NARRATION>
<ALLLEDGERENTRIES.LIST>
<REMOVEZEROENTRIES>No</REMOVEZEROENTRIES>
<ISDEEMEDPOSITIVE>Yes</ISDEEMEDPOSITIVE>
<LEDGERFROMITEM>No</LEDGERFROMITEM>
<LEDGERNAME>VICTORY SALES ENTERPRISES</LEDGERNAME>
<AMOUNT>-1534.000</AMOUNT>
<BILLALLOCATIONS.LIST>
<NAME>ALSM003999/21-22</NAME>
<BILLTYPE>New Ref</BILLTYPE>
<AMOUNT>-1534.000</AMOUNT>
</BILLALLOCATIONS.LIST>
</ALLLEDGERENTRIES.LIST>
<ALLLEDGERENTRIES.LIST>
<REMOVEZEROENTRIES>No</REMOVEZEROENTRIES>
<ISDEEMEDPOSITIVE>No</ISDEEMEDPOSITIVE>
<LEDGERFROMITEM>No</LEDGERFROMITEM>
<LEDGERNAME>Misc.Sales</LEDGERNAME>
<AMOUNT>1300.000</AMOUNT>
</ALLLEDGERENTRIES.LIST>
<ALLLEDGERENTRIES.LIST>
<REMOVEZEROENTRIES>No</REMOVEZEROENTRIES>
<ISDEEMEDPOSITIVE>No</ISDEEMEDPOSITIVE>
<LEDGERFROMITEM>No</LEDGERFROMITEM>
<LEDGERNAME>CGST</LEDGERNAME>
<AMOUNT>117.000000000</AMOUNT>
</ALLLEDGERENTRIES.LIST>
<ALLLEDGERENTRIES.LIST>
<REMOVEZEROENTRIES>No</REMOVEZEROENTRIES>
<ISDEEMEDPOSITIVE>No</ISDEEMEDPOSITIVE>
<LEDGERFROMITEM>No</LEDGERFROMITEM>
<LEDGERNAME>SGST</LEDGERNAME>
<AMOUNT>117.000000000</AMOUNT>
</ALLLEDGERENTRIES.LIST>
<ALLLEDGERENTRIES.LIST>
<REMOVEZEROENTRIES>No</REMOVEZEROENTRIES>
<ISDEEMEDPOSITIVE>No</ISDEEMEDPOSITIVE>
<LEDGERFROMITEM>No</LEDGERFROMITEM>
<LEDGERNAME>SHORT AND EXCESS</LEDGERNAME>
<AMOUNT>0.000</AMOUNT>
</ALLLEDGERENTRIES.LIST>
</VOUCHER>
<VOUCHER>
<ISOPTIONAL>No</ISOPTIONAL>
<USEFORGAINLOSS>No</USEFORGAINLOSS>
<USEFORCOMPOUND>No</USEFORCOMPOUND>
<VOUCHERTYPENAME>MISC SALES GST</VOUCHERTYPENAME>
<DATE>20211125</DATE>
<EFFECTIVEDATE>20211125</EFFECTIVEDATE>
<ISCANCELLED>No</ISCANCELLED>
<USETRACKINGNUMBER>No</USETRACKINGNUMBER>
<ISPOSTDATED>No</ISPOSTDATED>
<ISINVOICE>No</ISINVOICE>
<DIFFACTUALQTY>No</DIFFACTUALQTY>
<VOUCHERNUMBER>ALSM004000/21-22</VOUCHERNUMBER>
<PARTYLEDGERNAME>NAMO IMPEX</PARTYLEDGERNAME>
<STATENAME>Maharashtra</STATENAME>
<PARTYGSTIN>27AQXPP7466Q1ZB</PARTYGSTIN>
<NARRATION>Being amount debited towards MISC INVOICE SALES AS described  PCIU8519271   MH04HS0840, Invoice No: ALSM004000/21-22</NARRATION>
<ALLLEDGERENTRIES.LIST>
<REMOVEZEROENTRIES>No</REMOVEZEROENTRIES>
<ISDEEMEDPOSITIVE>Yes</ISDEEMEDPOSITIVE>
<LEDGERFROMITEM>No</LEDGERFROMITEM>
<LEDGERNAME>NAMO IMPEX</LEDGERNAME>
<AMOUNT>-3068.000</AMOUNT>
<BILLALLOCATIONS.LIST>
<NAME>ALSM004000/21-22</NAME>
<BILLTYPE>New Ref</BILLTYPE>
<AMOUNT>-3068.000</AMOUNT>
</BILLALLOCATIONS.LIST>
</ALLLEDGERENTRIES.LIST>
<ALLLEDGERENTRIES.LIST>
<REMOVEZEROENTRIES>No</REMOVEZEROENTRIES>
<ISDEEMEDPOSITIVE>No</ISDEEMEDPOSITIVE>
<LEDGERFROMITEM>No</LEDGERFROMITEM>
<LEDGERNAME>Misc.Sales</LEDGERNAME>
<AMOUNT>2600.000</AMOUNT>
</ALLLEDGERENTRIES.LIST>
<ALLLEDGERENTRIES.LIST>
<REMOVEZEROENTRIES>No</REMOVEZEROENTRIES>
<ISDEEMEDPOSITIVE>No</ISDEEMEDPOSITIVE>
<LEDGERFROMITEM>No</LEDGERFROMITEM>
<LEDGERNAME>CGST</LEDGERNAME>
<AMOUNT>234.000000000</AMOUNT>
</ALLLEDGERENTRIES.LIST>
<ALLLEDGERENTRIES.LIST>
<REMOVEZEROENTRIES>No</REMOVEZEROENTRIES>
<ISDEEMEDPOSITIVE>No</ISDEEMEDPOSITIVE>
<LEDGERFROMITEM>No</LEDGERFROMITEM>
<LEDGERNAME>SGST</LEDGERNAME>
<AMOUNT>234.000000000</AMOUNT>
</ALLLEDGERENTRIES.LIST>
<ALLLEDGERENTRIES.LIST>
<REMOVEZEROENTRIES>No</REMOVEZEROENTRIES>
<ISDEEMEDPOSITIVE>No</ISDEEMEDPOSITIVE>
<LEDGERFROMITEM>No</LEDGERFROMITEM>
<LEDGERNAME>SHORT AND EXCESS</LEDGERNAME>
<AMOUNT>0.000</AMOUNT>
</ALLLEDGERENTRIES.LIST>
</VOUCHER>
<VOUCHER>
<ISOPTIONAL>No</ISOPTIONAL>
<USEFORGAINLOSS>No</USEFORGAINLOSS>
<USEFORCOMPOUND>No</USEFORCOMPOUND>
<VOUCHERTYPENAME>MISC SALES GST</VOUCHERTYPENAME>
<DATE>20211125</DATE>
<EFFECTIVEDATE>20211125</EFFECTIVEDATE>
<ISCANCELLED>No</ISCANCELLED>
<USETRACKINGNUMBER>No</USETRACKINGNUMBER>
<ISPOSTDATED>No</ISPOSTDATED>
<ISINVOICE>No</ISINVOICE>
<DIFFACTUALQTY>No</DIFFACTUALQTY>
<VOUCHERNUMBER>ALSM004001/21-22</VOUCHERNUMBER>
<PARTYLEDGERNAME>JSV INGREDIENT</PARTYLEDGERNAME>
<STATENAME>Maharashtra</STATENAME>
<PARTYGSTIN>27AAAFS4013K1ZC</PARTYGSTIN>
<NARRATION>Being amount debited towards MISC INVOICE SALES AS described  FTAU1405493   MH46AF0367, Invoice No: ALSM004001/21-22</NARRATION>
<ALLLEDGERENTRIES.LIST>
<REMOVEZEROENTRIES>No</REMOVEZEROENTRIES>
<ISDEEMEDPOSITIVE>Yes</ISDEEMEDPOSITIVE>
<LEDGERFROMITEM>No</LEDGERFROMITEM>
<LEDGERNAME>JSV INGREDIENT</LEDGERNAME>
<AMOUNT>-1534.000</AMOUNT>
<BILLALLOCATIONS.LIST>
<NAME>ALSM004001/21-22</NAME>
<BILLTYPE>New Ref</BILLTYPE>
<AMOUNT>-1534.000</AMOUNT>
</BILLALLOCATIONS.LIST>
</ALLLEDGERENTRIES.LIST>
<ALLLEDGERENTRIES.LIST>
<REMOVEZEROENTRIES>No</REMOVEZEROENTRIES>
<ISDEEMEDPOSITIVE>No</ISDEEMEDPOSITIVE>
<LEDGERFROMITEM>No</LEDGERFROMITEM>
<LEDGERNAME>Misc.Sales</LEDGERNAME>
<AMOUNT>1300.000</AMOUNT>
</ALLLEDGERENTRIES.LIST>
<ALLLEDGERENTRIES.LIST>
<REMOVEZEROENTRIES>No</REMOVEZEROENTRIES>
<ISDEEMEDPOSITIVE>No</ISDEEMEDPOSITIVE>
<LEDGERFROMITEM>No</LEDGERFROMITEM>
<LEDGERNAME>CGST</LEDGERNAME>
<AMOUNT>117.000000000</AMOUNT>
</ALLLEDGERENTRIES.LIST>
<ALLLEDGERENTRIES.LIST>
<REMOVEZEROENTRIES>No</REMOVEZEROENTRIES>
<ISDEEMEDPOSITIVE>No</ISDEEMEDPOSITIVE>
<LEDGERFROMITEM>No</LEDGERFROMITEM>
<LEDGERNAME>SGST</LEDGERNAME>
<AMOUNT>117.000000000</AMOUNT>
</ALLLEDGERENTRIES.LIST>
<ALLLEDGERENTRIES.LIST>
<REMOVEZEROENTRIES>No</REMOVEZEROENTRIES>
<ISDEEMEDPOSITIVE>No</ISDEEMEDPOSITIVE>
<LEDGERFROMITEM>No</LEDGERFROMITEM>
<LEDGERNAME>SHORT AND EXCESS</LEDGERNAME>
<AMOUNT>0.000</AMOUNT>
</ALLLEDGERENTRIES.LIST>
</VOUCHER>
<VOUCHER>
<ISOPTIONAL>No</ISOPTIONAL>
<USEFORGAINLOSS>No</USEFORGAINLOSS>
<USEFORCOMPOUND>No</USEFORCOMPOUND>
<VOUCHERTYPENAME>MISC SALES GST</VOUCHERTYPENAME>
<DATE>20211125</DATE>
<EFFECTIVEDATE>20211125</EFFECTIVEDATE>
<ISCANCELLED>No</ISCANCELLED>
<USETRACKINGNUMBER>No</USETRACKINGNUMBER>
<ISPOSTDATED>No</ISPOSTDATED>
<ISINVOICE>No</ISINVOICE>
<DIFFACTUALQTY>No</DIFFACTUALQTY>
<VOUCHERNUMBER>ALSM004002/21-22</VOUCHERNUMBER>
<PARTYLEDGERNAME>RUDRA SHIPPING SERVICES LLP</PARTYLEDGERNAME>
<STATENAME>Maharashtra</STATENAME>
<PARTYGSTIN>27AAYFR4399D1ZF</PARTYGSTIN>
<NARRATION>Being amount debited towards MISC INVOICE SALES AS described  PCIU0093030   MH43Y1218, Invoice No: ALSM004002/21-22</NARRATION>
<ALLLEDGERENTRIES.LIST>
<REMOVEZEROENTRIES>No</REMOVEZEROENTRIES>
<ISDEEMEDPOSITIVE>Yes</ISDEEMEDPOSITIVE>
<LEDGERFROMITEM>No</LEDGERFROMITEM>
<LEDGERNAME>RUDRA SHIPPING SERVICES LLP</LEDGERNAME>
<AMOUNT>-1534.000</AMOUNT>
<BILLALLOCATIONS.LIST>
<NAME>ALSM004002/21-22</NAME>
<BILLTYPE>New Ref</BILLTYPE>
<AMOUNT>-1534.000</AMOUNT>
</BILLALLOCATIONS.LIST>
</ALLLEDGERENTRIES.LIST>
<ALLLEDGERENTRIES.LIST>
<REMOVEZEROENTRIES>No</REMOVEZEROENTRIES>
<ISDEEMEDPOSITIVE>No</ISDEEMEDPOSITIVE>
<LEDGERFROMITEM>No</LEDGERFROMITEM>
<LEDGERNAME>Misc.Sales</LEDGERNAME>
<AMOUNT>1300.000</AMOUNT>
</ALLLEDGERENTRIES.LIST>
<ALLLEDGERENTRIES.LIST>
<REMOVEZEROENTRIES>No</REMOVEZEROENTRIES>
<ISDEEMEDPOSITIVE>No</ISDEEMEDPOSITIVE>
<LEDGERFROMITEM>No</LEDGERFROMITEM>
<LEDGERNAME>CGST</LEDGERNAME>
<AMOUNT>117.000000000</AMOUNT>
</ALLLEDGERENTRIES.LIST>
<ALLLEDGERENTRIES.LIST>
<REMOVEZEROENTRIES>No</REMOVEZEROENTRIES>
<ISDEEMEDPOSITIVE>No</ISDEEMEDPOSITIVE>
<LEDGERFROMITEM>No</LEDGERFROMITEM>
<LEDGERNAME>SGST</LEDGERNAME>
<AMOUNT>117.000000000</AMOUNT>
</ALLLEDGERENTRIES.LIST>
<ALLLEDGERENTRIES.LIST>
<REMOVEZEROENTRIES>No</REMOVEZEROENTRIES>
<ISDEEMEDPOSITIVE>No</ISDEEMEDPOSITIVE>
<LEDGERFROMITEM>No</LEDGERFROMITEM>
<LEDGERNAME>SHORT AND EXCESS</LEDGERNAME>
<AMOUNT>0.000</AMOUNT>
</ALLLEDGERENTRIES.LIST>
</VOUCHER>
<VOUCHER>
<ISOPTIONAL>No</ISOPTIONAL>
<USEFORGAINLOSS>No</USEFORGAINLOSS>
<USEFORCOMPOUND>No</USEFORCOMPOUND>
<VOUCHERTYPENAME>MISC SALES GST</VOUCHERTYPENAME>
<DATE>20211125</DATE>
<EFFECTIVEDATE>20211125</EFFECTIVEDATE>
<ISCANCELLED>No</ISCANCELLED>
<USETRACKINGNUMBER>No</USETRACKINGNUMBER>
<ISPOSTDATED>No</ISPOSTDATED>
<ISINVOICE>No</ISINVOICE>
<DIFFACTUALQTY>No</DIFFACTUALQTY>
<VOUCHERNUMBER>ALSM004003/21-22</VOUCHERNUMBER>
<PARTYLEDGERNAME>DEEPAK LOGISTICS  FORWARDERS</PARTYLEDGERNAME>
<STATENAME>Maharashtra</STATENAME>
<PARTYGSTIN>27AALFD1650J1ZD</PARTYGSTIN>
<NARRATION>Being amount debited towards MISC INVOICE SALES AS described  PCIU2950044   MH46AR2735, Invoice No: ALSM004003/21-22</NARRATION>
<ALLLEDGERENTRIES.LIST>
<REMOVEZEROENTRIES>No</REMOVEZEROENTRIES>
<ISDEEMEDPOSITIVE>Yes</ISDEEMEDPOSITIVE>
<LEDGERFROMITEM>No</LEDGERFROMITEM>
<LEDGERNAME>DEEPAK LOGISTICS  FORWARDERS</LEDGERNAME>
<AMOUNT>-1534.000</AMOUNT>
<BILLALLOCATIONS.LIST>
<NAME>ALSM004003/21-22</NAME>
<BILLTYPE>New Ref</BILLTYPE>
<AMOUNT>-1534.000</AMOUNT>
</BILLALLOCATIONS.LIST>
</ALLLEDGERENTRIES.LIST>
<ALLLEDGERENTRIES.LIST>
<REMOVEZEROENTRIES>No</REMOVEZEROENTRIES>
<ISDEEMEDPOSITIVE>No</ISDEEMEDPOSITIVE>
<LEDGERFROMITEM>No</LEDGERFROMITEM>
<LEDGERNAME>Misc.Sales</LEDGERNAME>
<AMOUNT>1300.000</AMOUNT>
</ALLLEDGERENTRIES.LIST>
<ALLLEDGERENTRIES.LIST>
<REMOVEZEROENTRIES>No</REMOVEZEROENTRIES>
<ISDEEMEDPOSITIVE>No</ISDEEMEDPOSITIVE>
<LEDGERFROMITEM>No</LEDGERFROMITEM>
<LEDGERNAME>CGST</LEDGERNAME>
<AMOUNT>117.000000000</AMOUNT>
</ALLLEDGERENTRIES.LIST>
<ALLLEDGERENTRIES.LIST>
<REMOVEZEROENTRIES>No</REMOVEZEROENTRIES>
<ISDEEMEDPOSITIVE>No</ISDEEMEDPOSITIVE>
<LEDGERFROMITEM>No</LEDGERFROMITEM>
<LEDGERNAME>SGST</LEDGERNAME>
<AMOUNT>117.000000000</AMOUNT>
</ALLLEDGERENTRIES.LIST>
<ALLLEDGERENTRIES.LIST>
<REMOVEZEROENTRIES>No</REMOVEZEROENTRIES>
<ISDEEMEDPOSITIVE>No</ISDEEMEDPOSITIVE>
<LEDGERFROMITEM>No</LEDGERFROMITEM>
<LEDGERNAME>SHORT AND EXCESS</LEDGERNAME>
<AMOUNT>0.000</AMOUNT>
</ALLLEDGERENTRIES.LIST>
</VOUCHER>
<VOUCHER>
<ISOPTIONAL>No</ISOPTIONAL>
<USEFORGAINLOSS>No</USEFORGAINLOSS>
<USEFORCOMPOUND>No</USEFORCOMPOUND>
<VOUCHERTYPENAME>MISC SALES GST</VOUCHERTYPENAME>
<DATE>20211125</DATE>
<EFFECTIVEDATE>20211125</EFFECTIVEDATE>
<ISCANCELLED>No</ISCANCELLED>
<USETRACKINGNUMBER>No</USETRACKINGNUMBER>
<ISPOSTDATED>No</ISPOSTDATED>
<ISINVOICE>No</ISINVOICE>
<DIFFACTUALQTY>No</DIFFACTUALQTY>
<VOUCHERNUMBER>ALSM004004/21-22</VOUCHERNUMBER>
<PARTYLEDGERNAME>DEEPAK LOGISTICS  FORWARDERS</PARTYLEDGERNAME>
<STATENAME>Maharashtra</STATENAME>
<PARTYGSTIN>27AALFD1650J1ZD</PARTYGSTIN>
<NARRATION>Being amount debited towards MISC INVOICE SALES AS described  DNAU2643220   MH46AR2756, Invoice No: ALSM004004/21-22</NARRATION>
<ALLLEDGERENTRIES.LIST>
<REMOVEZEROENTRIES>No</REMOVEZEROENTRIES>
<ISDEEMEDPOSITIVE>Yes</ISDEEMEDPOSITIVE>
<LEDGERFROMITEM>No</LEDGERFROMITEM>
<LEDGERNAME>DEEPAK LOGISTICS  FORWARDERS</LEDGERNAME>
<AMOUNT>-1534.000</AMOUNT>
<BILLALLOCATIONS.LIST>
<NAME>ALSM004004/21-22</NAME>
<BILLTYPE>New Ref</BILLTYPE>
<AMOUNT>-1534.000</AMOUNT>
</BILLALLOCATIONS.LIST>
</ALLLEDGERENTRIES.LIST>
<ALLLEDGERENTRIES.LIST>
<REMOVEZEROENTRIES>No</REMOVEZEROENTRIES>
<ISDEEMEDPOSITIVE>No</ISDEEMEDPOSITIVE>
<LEDGERFROMITEM>No</LEDGERFROMITEM>
<LEDGERNAME>Misc.Sales</LEDGERNAME>
<AMOUNT>1300.000</AMOUNT>
</ALLLEDGERENTRIES.LIST>
<ALLLEDGERENTRIES.LIST>
<REMOVEZEROENTRIES>No</REMOVEZEROENTRIES>
<ISDEEMEDPOSITIVE>No</ISDEEMEDPOSITIVE>
<LEDGERFROMITEM>No</LEDGERFROMITEM>
<LEDGERNAME>CGST</LEDGERNAME>
<AMOUNT>117.000000000</AMOUNT>
</ALLLEDGERENTRIES.LIST>
<ALLLEDGERENTRIES.LIST>
<REMOVEZEROENTRIES>No</REMOVEZEROENTRIES>
<ISDEEMEDPOSITIVE>No</ISDEEMEDPOSITIVE>
<LEDGERFROMITEM>No</LEDGERFROMITEM>
<LEDGERNAME>SGST</LEDGERNAME>
<AMOUNT>117.000000000</AMOUNT>
</ALLLEDGERENTRIES.LIST>
<ALLLEDGERENTRIES.LIST>
<REMOVEZEROENTRIES>No</REMOVEZEROENTRIES>
<ISDEEMEDPOSITIVE>No</ISDEEMEDPOSITIVE>
<LEDGERFROMITEM>No</LEDGERFROMITEM>
<LEDGERNAME>SHORT AND EXCESS</LEDGERNAME>
<AMOUNT>0.000</AMOUNT>
</ALLLEDGERENTRIES.LIST>
</VOUCHER>
<VOUCHER>
<ISOPTIONAL>No</ISOPTIONAL>
<USEFORGAINLOSS>No</USEFORGAINLOSS>
<USEFORCOMPOUND>No</USEFORCOMPOUND>
<VOUCHERTYPENAME>MISC SALES GST</VOUCHERTYPENAME>
<DATE>20211125</DATE>
<EFFECTIVEDATE>20211125</EFFECTIVEDATE>
<ISCANCELLED>No</ISCANCELLED>
<USETRACKINGNUMBER>No</USETRACKINGNUMBER>
<ISPOSTDATED>No</ISPOSTDATED>
<ISINVOICE>No</ISINVOICE>
<DIFFACTUALQTY>No</DIFFACTUALQTY>
<VOUCHERNUMBER>ALSM004005/21-22</VOUCHERNUMBER>
<PARTYLEDGERNAME>DEEPAK LOGISTICS  FORWARDERS</PARTYLEDGERNAME>
<STATENAME>Maharashtra</STATENAME>
<PARTYGSTIN>27AALFD1650J1ZD</PARTYGSTIN>
<NARRATION>Being amount debited towards MISC INVOICE SALES AS described  PCIU1097934   MH46AR2759, Invoice No: ALSM004005/21-22</NARRATION>
<ALLLEDGERENTRIES.LIST>
<REMOVEZEROENTRIES>No</REMOVEZEROENTRIES>
<ISDEEMEDPOSITIVE>Yes</ISDEEMEDPOSITIVE>
<LEDGERFROMITEM>No</LEDGERFROMITEM>
<LEDGERNAME>DEEPAK LOGISTICS  FORWARDERS</LEDGERNAME>
<AMOUNT>-1534.000</AMOUNT>
<BILLALLOCATIONS.LIST>
<NAME>ALSM004005/21-22</NAME>
<BILLTYPE>New Ref</BILLTYPE>
<AMOUNT>-1534.000</AMOUNT>
</BILLALLOCATIONS.LIST>
</ALLLEDGERENTRIES.LIST>
<ALLLEDGERENTRIES.LIST>
<REMOVEZEROENTRIES>No</REMOVEZEROENTRIES>
<ISDEEMEDPOSITIVE>No</ISDEEMEDPOSITIVE>
<LEDGERFROMITEM>No</LEDGERFROMITEM>
<LEDGERNAME>Misc.Sales</LEDGERNAME>
<AMOUNT>1300.000</AMOUNT>
</ALLLEDGERENTRIES.LIST>
<ALLLEDGERENTRIES.LIST>
<REMOVEZEROENTRIES>No</REMOVEZEROENTRIES>
<ISDEEMEDPOSITIVE>No</ISDEEMEDPOSITIVE>
<LEDGERFROMITEM>No</LEDGERFROMITEM>
<LEDGERNAME>CGST</LEDGERNAME>
<AMOUNT>117.000000000</AMOUNT>
</ALLLEDGERENTRIES.LIST>
<ALLLEDGERENTRIES.LIST>
<REMOVEZEROENTRIES>No</REMOVEZEROENTRIES>
<ISDEEMEDPOSITIVE>No</ISDEEMEDPOSITIVE>
<LEDGERFROMITEM>No</LEDGERFROMITEM>
<LEDGERNAME>SGST</LEDGERNAME>
<AMOUNT>117.000000000</AMOUNT>
</ALLLEDGERENTRIES.LIST>
<ALLLEDGERENTRIES.LIST>
<REMOVEZEROENTRIES>No</REMOVEZEROENTRIES>
<ISDEEMEDPOSITIVE>No</ISDEEMEDPOSITIVE>
<LEDGERFROMITEM>No</LEDGERFROMITEM>
<LEDGERNAME>SHORT AND EXCESS</LEDGERNAME>
<AMOUNT>0.000</AMOUNT>
</ALLLEDGERENTRIES.LIST>
</VOUCHER>
<VOUCHER>
<ISOPTIONAL>No</ISOPTIONAL>
<USEFORGAINLOSS>No</USEFORGAINLOSS>
<USEFORCOMPOUND>No</USEFORCOMPOUND>
<VOUCHERTYPENAME>MISC SALES GST</VOUCHERTYPENAME>
<DATE>20211125</DATE>
<EFFECTIVEDATE>20211125</EFFECTIVEDATE>
<ISCANCELLED>No</ISCANCELLED>
<USETRACKINGNUMBER>No</USETRACKINGNUMBER>
<ISPOSTDATED>No</ISPOSTDATED>
<ISINVOICE>No</ISINVOICE>
<DIFFACTUALQTY>No</DIFFACTUALQTY>
<VOUCHERNUMBER>ALSM004006/21-22</VOUCHERNUMBER>
<PARTYLEDGERNAME>DEEPAK LOGISTICS  FORWARDERS</PARTYLEDGERNAME>
<STATENAME>Maharashtra</STATENAME>
<PARTYGSTIN>27AALFD1650J1ZD</PARTYGSTIN>
<NARRATION>Being amount debited towards MISC INVOICE SALES AS described  PCIU1048288   MH46AR2751, Invoice No: ALSM004006/21-22</NARRATION>
<ALLLEDGERENTRIES.LIST>
<REMOVEZEROENTRIES>No</REMOVEZEROENTRIES>
<ISDEEMEDPOSITIVE>Yes</ISDEEMEDPOSITIVE>
<LEDGERFROMITEM>No</LEDGERFROMITEM>
<LEDGERNAME>DEEPAK LOGISTICS  FORWARDERS</LEDGERNAME>
<AMOUNT>-1534.000</AMOUNT>
<BILLALLOCATIONS.LIST>
<NAME>ALSM004006/21-22</NAME>
<BILLTYPE>New Ref</BILLTYPE>
<AMOUNT>-1534.000</AMOUNT>
</BILLALLOCATIONS.LIST>
</ALLLEDGERENTRIES.LIST>
<ALLLEDGERENTRIES.LIST>
<REMOVEZEROENTRIES>No</REMOVEZEROENTRIES>
<ISDEEMEDPOSITIVE>No</ISDEEMEDPOSITIVE>
<LEDGERFROMITEM>No</LEDGERFROMITEM>
<LEDGERNAME>Misc.Sales</LEDGERNAME>
<AMOUNT>1300.000</AMOUNT>
</ALLLEDGERENTRIES.LIST>
<ALLLEDGERENTRIES.LIST>
<REMOVEZEROENTRIES>No</REMOVEZEROENTRIES>
<ISDEEMEDPOSITIVE>No</ISDEEMEDPOSITIVE>
<LEDGERFROMITEM>No</LEDGERFROMITEM>
<LEDGERNAME>CGST</LEDGERNAME>
<AMOUNT>117.000000000</AMOUNT>
</ALLLEDGERENTRIES.LIST>
<ALLLEDGERENTRIES.LIST>
<REMOVEZEROENTRIES>No</REMOVEZEROENTRIES>
<ISDEEMEDPOSITIVE>No</ISDEEMEDPOSITIVE>
<LEDGERFROMITEM>No</LEDGERFROMITEM>
<LEDGERNAME>SGST</LEDGERNAME>
<AMOUNT>117.000000000</AMOUNT>
</ALLLEDGERENTRIES.LIST>
<ALLLEDGERENTRIES.LIST>
<REMOVEZEROENTRIES>No</REMOVEZEROENTRIES>
<ISDEEMEDPOSITIVE>No</ISDEEMEDPOSITIVE>
<LEDGERFROMITEM>No</LEDGERFROMITEM>
<LEDGERNAME>SHORT AND EXCESS</LEDGERNAME>
<AMOUNT>0.000</AMOUNT>
</ALLLEDGERENTRIES.LIST>
</VOUCHER>
<VOUCHER>
<ISOPTIONAL>No</ISOPTIONAL>
<USEFORGAINLOSS>No</USEFORGAINLOSS>
<USEFORCOMPOUND>No</USEFORCOMPOUND>
<VOUCHERTYPENAME>MISC SALES GST</VOUCHERTYPENAME>
<DATE>20211125</DATE>
<EFFECTIVEDATE>20211125</EFFECTIVEDATE>
<ISCANCELLED>No</ISCANCELLED>
<USETRACKINGNUMBER>No</USETRACKINGNUMBER>
<ISPOSTDATED>No</ISPOSTDATED>
<ISINVOICE>No</ISINVOICE>
<DIFFACTUALQTY>No</DIFFACTUALQTY>
<VOUCHERNUMBER>ALSM004007/21-22</VOUCHERNUMBER>
<PARTYLEDGERNAME>MICHELIN INDIA PRIVATE LIMITED</PARTYLEDGERNAME>
<STATENAME>Maharashtra</STATENAME>
<PARTYGSTIN>27AAGCM0107K1ZN</PARTYGSTIN>
<NARRATION>Being amount debited towards MISC INVOICE SALES AS described  CIPU5136044 MH43U1823, Invoice No: ALSM004007/21-22</NARRATION>
<ALLLEDGERENTRIES.LIST>
<REMOVEZEROENTRIES>No</REMOVEZEROENTRIES>
<ISDEEMEDPOSITIVE>Yes</ISDEEMEDPOSITIVE>
<LEDGERFROMITEM>No</LEDGERFROMITEM>
<LEDGERNAME>MICHELIN INDIA PRIVATE LIMITED</LEDGERNAME>
<AMOUNT>-3068.000</AMOUNT>
<BILLALLOCATIONS.LIST>
<NAME>ALSM004007/21-22</NAME>
<BILLTYPE>New Ref</BILLTYPE>
<AMOUNT>-3068.000</AMOUNT>
</BILLALLOCATIONS.LIST>
</ALLLEDGERENTRIES.LIST>
<ALLLEDGERENTRIES.LIST>
<REMOVEZEROENTRIES>No</REMOVEZEROENTRIES>
<ISDEEMEDPOSITIVE>No</ISDEEMEDPOSITIVE>
<LEDGERFROMITEM>No</LEDGERFROMITEM>
<LEDGERNAME>Misc.Sales</LEDGERNAME>
<AMOUNT>2600.000</AMOUNT>
</ALLLEDGERENTRIES.LIST>
<ALLLEDGERENTRIES.LIST>
<REMOVEZEROENTRIES>No</REMOVEZEROENTRIES>
<ISDEEMEDPOSITIVE>No</ISDEEMEDPOSITIVE>
<LEDGERFROMITEM>No</LEDGERFROMITEM>
<LEDGERNAME>CGST</LEDGERNAME>
<AMOUNT>234.000000000</AMOUNT>
</ALLLEDGERENTRIES.LIST>
<ALLLEDGERENTRIES.LIST>
<REMOVEZEROENTRIES>No</REMOVEZEROENTRIES>
<ISDEEMEDPOSITIVE>No</ISDEEMEDPOSITIVE>
<LEDGERFROMITEM>No</LEDGERFROMITEM>
<LEDGERNAME>SGST</LEDGERNAME>
<AMOUNT>234.000000000</AMOUNT>
</ALLLEDGERENTRIES.LIST>
<ALLLEDGERENTRIES.LIST>
<REMOVEZEROENTRIES>No</REMOVEZEROENTRIES>
<ISDEEMEDPOSITIVE>No</ISDEEMEDPOSITIVE>
<LEDGERFROMITEM>No</LEDGERFROMITEM>
<LEDGERNAME>SHORT AND EXCESS</LEDGERNAME>
<AMOUNT>0.000</AMOUNT>
</ALLLEDGERENTRIES.LIST>
</VOUCHER>
<VOUCHER>
<ISOPTIONAL>No</ISOPTIONAL>
<USEFORGAINLOSS>No</USEFORGAINLOSS>
<USEFORCOMPOUND>No</USEFORCOMPOUND>
<VOUCHERTYPENAME>MISC SALES GST</VOUCHERTYPENAME>
<DATE>20211125</DATE>
<EFFECTIVEDATE>20211125</EFFECTIVEDATE>
<ISCANCELLED>No</ISCANCELLED>
<USETRACKINGNUMBER>No</USETRACKINGNUMBER>
<ISPOSTDATED>No</ISPOSTDATED>
<ISINVOICE>No</ISINVOICE>
<DIFFACTUALQTY>No</DIFFACTUALQTY>
<VOUCHERNUMBER>ALSM004008/21-22</VOUCHERNUMBER>
<PARTYLEDGERNAME>DEEPAK LOGISTICS  FORWARDERS</PARTYLEDGERNAME>
<STATENAME>Maharashtra</STATENAME>
<PARTYGSTIN>27AALFD1650J1ZD</PARTYGSTIN>
<NARRATION>Being amount debited towards MISC INVOICE SALES AS described  PCIU1080340 MH46AR2770, Invoice No: ALSM004008/21-22</NARRATION>
<ALLLEDGERENTRIES.LIST>
<REMOVEZEROENTRIES>No</REMOVEZEROENTRIES>
<ISDEEMEDPOSITIVE>Yes</ISDEEMEDPOSITIVE>
<LEDGERFROMITEM>No</LEDGERFROMITEM>
<LEDGERNAME>DEEPAK LOGISTICS  FORWARDERS</LEDGERNAME>
<AMOUNT>-1534.000</AMOUNT>
<BILLALLOCATIONS.LIST>
<NAME>ALSM004008/21-22</NAME>
<BILLTYPE>New Ref</BILLTYPE>
<AMOUNT>-1534.000</AMOUNT>
</BILLALLOCATIONS.LIST>
</ALLLEDGERENTRIES.LIST>
<ALLLEDGERENTRIES.LIST>
<REMOVEZEROENTRIES>No</REMOVEZEROENTRIES>
<ISDEEMEDPOSITIVE>No</ISDEEMEDPOSITIVE>
<LEDGERFROMITEM>No</LEDGERFROMITEM>
<LEDGERNAME>Misc.Sales</LEDGERNAME>
<AMOUNT>1300.000</AMOUNT>
</ALLLEDGERENTRIES.LIST>
<ALLLEDGERENTRIES.LIST>
<REMOVEZEROENTRIES>No</REMOVEZEROENTRIES>
<ISDEEMEDPOSITIVE>No</ISDEEMEDPOSITIVE>
<LEDGERFROMITEM>No</LEDGERFROMITEM>
<LEDGERNAME>CGST</LEDGERNAME>
<AMOUNT>117.000000000</AMOUNT>
</ALLLEDGERENTRIES.LIST>
<ALLLEDGERENTRIES.LIST>
<REMOVEZEROENTRIES>No</REMOVEZEROENTRIES>
<ISDEEMEDPOSITIVE>No</ISDEEMEDPOSITIVE>
<LEDGERFROMITEM>No</LEDGERFROMITEM>
<LEDGERNAME>SGST</LEDGERNAME>
<AMOUNT>117.000000000</AMOUNT>
</ALLLEDGERENTRIES.LIST>
<ALLLEDGERENTRIES.LIST>
<REMOVEZEROENTRIES>No</REMOVEZEROENTRIES>
<ISDEEMEDPOSITIVE>No</ISDEEMEDPOSITIVE>
<LEDGERFROMITEM>No</LEDGERFROMITEM>
<LEDGERNAME>SHORT AND EXCESS</LEDGERNAME>
<AMOUNT>0.000</AMOUNT>
</ALLLEDGERENTRIES.LIST>
</VOUCHER>
</TALLYMESSAGE>
</REQUESTDATA>
</IMPORTDATA>
</BODY>
</ENVELOPE>
